3060 4718
269 859 329 958 M.
351 893 470 957 Tullius
501 890 643 956 Cicero
634 913 666 956 rn
698 897 773 955 orat.
752 893 850 967 4,44
876 893 937 955 149
971 912 1015 974 sq.
1046 893 1082 956 de
1112 897 1266 956 oratorum
1296 913 1381 956 more

156 999 305 1080 ioquendi
329 999 402 1062 dioit
425 1000 515 1063 haee:
550 998 802 1063 inuncabuntur:
814 1019 894 1061 444
895 999 975 1078 444
1065 1001 1203 1063 44444444
1226 1020 1258 1063 44
1285 1020 1380 1081 quum

151 1107 320 1184 ,4444444444
354 1104 535 1169 44444444444
524 1109 705 1168 44444444
739 1125 808 1168 444
841 1107 1011 1184 44444444,
1057 1126 1153 1186 44444
1191 1107 1256 1170 4444
1285 1126 1380 1188 4444

153 1212 361 1275 suavissimis
394 1210 514 1274 4444444
537 1264 543 1276 .
569 1261 575 1274 .
602 1262 608 1275 .
634 1261 641 1274 .
678 1210 770 1296 (150)
804 1231 881 1274 444
910 1215 945 1274 44
974 1213 1010 1275 44
1040 1210 1162 1293 4444444
1191 1211 1305 1290 oeulos,
1335 1215 1381 1276 444

152 1320 289 1382 unimus
311 1320 346 1381 44
363 1317 492 1381 44444444
501 1319 668 1397 prospiciet
681 1318 758 1398 quid
773 1303 929 1398 44444444,
945 1337 984 1381 44
1000 1321 1202 1381 4444444444
1223 1318 1380 1382 44444444

157 1444 229 1487 444
252 1423 485 1504 insequentibus
513 1426 630 1503 444444
660 1444 830 1487 concursus
861 1427 918 1487 444
939 1423 1060 1488 44444444
1082 1444 1167 1487 ooees
1189 1424 1304 1504 effieioi
1324 1430 1381 1488 444

158 1550 300 1610 4444444.
357 1531 507 1611 (4444444
541 1532 625 1594 4444
659 1550 770 1594 suaves
803 1550 972 1611 4444444444
1006 1533 1185 1607 4444444444,
1218 1535 1321 1594 tornea
1351 1533 1381 1595 44

151 1636 330 1700 4444444444
357 1635 456 1699 444444
486 1636 658 1715 efferentur,
688 1636 841 1715 offendent
867 1656 972 1715 44444,
1004 1657 1139 1716 444444
1162 1640 1207 1699 444
1228 1637 1378 1701 44444444

155 1740 425 1821 superbissimum.
468 1742 560 1822 444444,
578 1743 701 1822 4444444
724 1741 843 1806 Latino
866 1742 975 1823 4444444
999 1742 1210 1821 4444444444,
1236 1762 1323 1807 4444
1346 1748 1381 1806 444

154 1852 227 1911 Ι444
249 1849 386 1910 44444444
408 1850 457 1925 444,
482 1850 536 1928 4444
558 1847 674 1913 4444444
696 1847 773 1912 44444
795 1835 999 1929 coetuque?
1025 1888 1065 1895 -

270 1971 387 2035 Deinde
417 1991 535 2054 paragr.
567 1974 629 2035 152
662 1973 872 2036 Romanorum
905 1974 1053 2037 rationem
1089 1974 1159 2036 usui
1192 1973 1379 2038 Graecorum

153 2096 344 2159 eomparans
372 2079 487 2160 pergit·
546 2076 609 2141 Seri
640 2076 755 2142 Graeci
782 2079 935 2157 44444444
968 2078 1056 2143 nobis
1090 2081 1379 2158 4444444444

152 2183 371 2263 4444444
308 2184 371 2249 44444
371 2184 481 2248 rainere
508 2150 593 2248 44444
621 2185 804 2249 4444444444.
851 2183 1177 2249 instaurationes
1199 2184 1380 2264 4444444444

162 2288 339 2354 4444444444
358 2289 502 2368 Catonem
524 2291 795 2354 4444444444444
804 2295 911 2370 4444444
922 2295 1047 2370 4444444
1062 2311 1112 2354 eos
1113 2292 1243 2372 ,44444
1256 2311 1308 2354 444
1309 2312 1379 2355 444

152 2395 307 2475 44444444,
346 2416 436 2476 44444
474 2395 617 2469 44444444
591 2401 691 2459 444
728 2394 891 2460 Naeuius:
954 2417 1020 2460 vos
1056 2399 1120 2478 qui
1152 2400 1157 2480 4
1192 2399 1353 2461 aooolit
1327 2402 1378 2461 trs
1420 2467 1424 2476 ,

161 2502 256 2565 Hist
242 2505 346 2566 trum
374 2503 604 2566 fluviumat
591 2509 684 2584 tque
708 2489 894 2583 algidam
918 2507 946 2566 44
934 2503 1097 2567 44444444
1128 2523 1254 2598 quam
1278 2524 1379 2567 nun-

161 2626 276 2688 quam
312 2611 420 2672 vobis
458 2608 568 2673 Graii
601 2611 604 2690 Ι
633 2612 754 2690 44444
800 2596 984 2683 barbari,
1008 2658 1046 2673 ..
1110 2610 1282 2689 44444444
1304 2629 1378 2674 nos:

172 2714 340 2780 hoomot
346 2735 368 2776 u
327 2715 563 2778 trudiant
536 2719 588 2779 trs
612 2719 649 2778 et
656 2716 797 2795 esiae¹
794 2715 838 2759 ¹'
830 2736 867 2778 1n
891 2716 991 2778 vada
1021 2717 1153 2797 ponti.
1134 2701 1268 2779 'Hoe
1297 2716 1379 2779 44444

162 2821 261 2882 444444
283 2822 409 2899 saepius
431 2824 530 2883 4444
518 2820 669 2894 4444444444,
649 2821 775 2901 equod
799 2819 914 2885 Graeci
935 2820 1120 2885 44444444
1091 2823 1183 2885 4444444
1206 2809 1322 2885 solent.

268 2943 334 3006 Hoo
357 2945 451 3023 igitur
472 2946 545 3018 loeo,
574 2965 667 3026 quem
690 2946 882 3027 protulimus
916 2944 1019 3009 Cicero
1042 2946 1172 3019 hiatum,
1202 2965 1295 3026 quem
1319 2965 1379 3008 non

159 3049 296 3112 affirmat
317 3068 425 3112 omnes
450 3052 671 3132 qualisounque
701 3053 765 3116 aevi
802 3056 906 3132 poetas
929 3053 1085 3115 Romanos
1108 3053 1231 3115 omnino
1254 3062 1406 3132 prorsus·

162 3161 197 3218 ut
219 3158 347 3251 torimur
370 3145 503 3237 inqeus’,
527 3162 563 3221 ut
587 3159 687 3221 verbis
712 3157 894 3236 Quintiliani
919 3160 1001 3254 <4444.
1027 3162 1103 3221 oroi.
1128 3160 1158 3233 9,
1175 3161 1204 3232 4,
1221 3145 1274 3220 35'
1298 3167 1378 3232 utar,

154 3262 325 3343 expavisse,
364 3268 470 3327 tamen
508 3264 651 3326 omnibus
689 3264 876 3345 temporibus
915 3283 1005 3327 aures
1041 3264 1251 3327 Romanorum
1290 3266 1378 3330 valde

157 3367 321 3432 offendisse
351 3369 473 3432 disertis
507 3369 607 3432 verbis
642 3369 806 3433 oontendit.
859 3371 905 3433 Ao
938 3370 1071 3451 profesto
1106 3371 1181 3433 satis
1212 3389 1265 3451 pro
1296 3377 1377 3435 eerto

151 3477 290 3549 onustat,
328 3478 432 3556 po‘e'tas
465 3475 620 3538 Romanos
655 3464 708 3557 per
741 3476 845 3538 omnia
879 3479 1019 3557 tempore
1052 3495 1140 3539 voees
1174 3478 1206 3538 in
1241 3478 1378 3541 voealem

151 3587 306 3644 exeuntes
341 3579 484 3654 4444444,
529 3599 607 3662 quae
642 3600 661 3643 4
694 3582 790 3645 vocali
825 3582 1001 3655 ordiuntur,
1046 3583 1262 3664 sequentibus,
1298 3603 1377 3664 quae

160 3687 376 3750 vocabulorum
416 3687 572 3750 collocatio
612 3687 734 3751 omnino
777 3706 815 3750 ne
855 3688 942 3751 fieret
985 3688 1134 3769 prohiberi
1174 3707 1233 3751 non
1268 3690 1377 3770 potuit,

152 3793 203 3855 ‘ita
227 3792 428 3868 coniunxisse,
458 3797 494 3855 44
517 3793 620 3856 hiatus
644 3793 854 3857 iniucunditas
884 3798 940 3856 aut
962 3794 1155 3874 mitigaretur
1177 3799 1233 3857 aut
1255 3813 1378 3876 prorsus

160 3902 374 3961 removeretur.
449 3899 549 3978 Quam
599 3899 638 3962 ad
685 3900 787 3963 hiatus
840 3899 1038 3964 offensionem
1081 3900 1249 3964 tollendam
1288 3906 1377 3964 vetu-

152 4003 289 4068 stissimi
312 4006 376 4068 iam
392 4006 524 4068 Romani
547 4006 596 4068 usi
612 4010 695 4079 sunt,
719 4025 798 4086 quae
819 4009 953 4078 vocatur,
978 4006 1377 4096 44444444414444144444.

152 4109 240 4189 quod
275 4130 396 4184 nomen,
431 4131 503 4175 eum
537 4113 593 4175 hoe
627 4112 692 4193 ipso
720 4115 833 4175 natura
863 4113 955 4175 huius
984 4113 1026 4175 rei
1056 4113 1168 4175 otarius
1203 4114 1377 4194 rectiusque

150 4216 358 4296 significetur,
391 4218 522 4298 praefert
554 4216 732 4281 Corssenius
765 4217 814 4298 (of.
840 4213 952 4314 <444444
975 4216 1185 4297 4144444444,
1210 4216 1397 4314 14444444
