3060 4718
728 197 792 270 ’16

160 416 233 478 860.
263 417 337 478 911.
384 415 462 479 Eun.
496 418 546 479 27.
579 418 650 483 130.
679 419 752 482 352.
784 420 857 482 359.
887 419 961 482 408.
992 420 1065 481 527.
1099 419 1170 482 549.
1201 421 1274 485 638.
1306 423 1384 486 671,

161 522 233 584 761.
261 522 334 584 804.
365 522 437 585 831.
467 523 539 587 839.
571 523 645 586 951.
680 525 772 588 1071.
820 523 940 587 Ρ6666.
971 525 1022 587 32,
1054 524 1105 586 61.
1132 525 1182 586 77.
1208 526 1280 589 139.
1307 528 1379 592 164.

161 627 233 691 184.
263 628 335 691 265.
365 628 439 690 281.
471 629 545 690 421.
577 629 650 692 453.
682 630 754 692 504.
786 630 858 692 580.
892 631 965 693 629.
994 630 1067 692 698.
1100 631 1172 694 846.
1205 631 1277 694 899.
1302 634 1379 696 983.

158 733 232 795 911.
270 732 345 796 Η66.
373 735 396 797 1.
426 735 496 797 151.
524 735 594 798 159.
618 736 691 799 202.
716 736 789 798 287.
814 736 887 799 411.
912 737 984 801 413.
1010 737 1083 800 572.
1109 736 1181 800 588.
1206 738 1278 801 650.
1303 740 1382 804 672..

159 839 231 901 814.
262 840 335 901 871.
382 839 438 903 Ad.
468 840 497 902 6.
529 841 577 903 14.
608 842 682 903 344.
714 842 786 905 386.
811 842 883 906 388.
909 842 983 904 399.
1007 842 1080 905 402.
1104 843 1178 904 421.
1203 843 1278 906 455.
1302 844 1374 908 469.

159 945 230 1009 557.
256 946 329 1007 665.
355 946 426 1008 759.
452 946 525 1008 805.
549 946 623 1008 994.
647 947 720 1011 989.

263 1070 295 1152 6)
320 1069 547 1143 vocabulorum,
564 1089 642 1150 qnae
659 1071 855 1145 antecedunt,
871 1072 903 1134 in
915 1072 973 1135 litt.
985 1072 1073 1136 corel
1085 1072 1116 1142 in
1129 1091 1168 1133 ns
1180 1071 1356 1134 exeuntium
1365 1093 1378 1135 ε.

157 1175 249 1239 Andr.
279 1176 352 1238 526.
398 1175 509 1240 Heaut.
540 1177 589 1240 53.
622 1177 692 1241 158.
724 1178 795 1240 161.
827 1178 899 1242 267.
930 1178 1003 1240 346.
1036 1178 1109 1240 463.
1142 1179 1205 1240 515
1229 1196 1276 1241 66.
1302 1178 1381 1240 539.

159 1281 230 1343 793.
278 1281 356 1346 Eun.
390 1281 460 1343 104.
486 1282 559 1345 429.
585 1282 657 1344 502.
682 1282 761 1364 [496
787 1282 867 1357 66’6;
892 1284 911 1346 l.
936 1288 988 1348 est.
1013 1283 1101 1364 dula]
1132 1284 1205 1346 959.
1253 1283 1381 1349 Plrorm..

159 1387 198 1448 75
223 1405 269 1449 66.
298 1387 350 1449 99.
385 1387 445 1448 100
469 1406 516 1450 66.
548 1388 610 1450 156
635 1386 706 1453 us's.
739 1391 812 1454 412.
844 1390 916 1452 588.
950 1391 1011 1452 715
1035 1408 1082 1451 us
1112 1390 1185 1454 951.
1221 1390 1305 1452 1003
1329 1409 1376 1453 66.

155 1492 228 1557 Η66.
253 1494 304 1557 43.
329 1493 401 1555 308.
425 1494 489 1556 392
513 1493 586 1557 us's.
617 1495 690 1558 417.
716 1496 787 1559 713.
833 1495 888 1559 Ad.
914 1496 955 1558 82
979 1514 1027 1558 66.
1059 1496 1101 1558 98
1125 1514 1172 1558 ns.
1206 1496 1278 1560 154.
1300 1497 1374 1561 205.

155 1599 228 1662 207.
253 1600 326 1662 231.
351 1600 424 1664 346.
447 1601 521 1662 419.
547 1601 619 1662 512.
644 1602 715 1664 552.
750 1602 822 1663 803.
855 1602 919 1664 910
943 1620 988 1666 us.
1020 1601 1093 1664 953.
1124 1603 1186 1664 961
1213 1620 1259 1664 66.
1306 1599 1381 1680 Qua.

154 1724 190 1767 ex
224 1723 340 1785 magna
374 1705 547 1787 frequentia
582 1708 789 1787 exemplorum
825 1707 908 1770 haud
939 1707 1000 1770 6616
1032 1726 1071 1770 66
1105 1707 1244 1770 concludi
1274 1708 1379 1785 liceat,

153 1811 331 1874 Terentium
366 1812 458 1874 verba
497 1831 611 1876 monos.
647 1813 678 1874 in
714 1813 785 1876 sede
821 1832 966 1877 versuum
1000 1813 1131 1877 iambioe
1167 1813 1375 1877 desinentium

154 1922 294 1980 extrema
324 1919 390 1982 roci
419 1919 613 1982 antecedenti
644 1920 831 2000 synaloephe
864 1920 1047 1999 coniungem
1078 1921 1166 2000 qnasi
1200 1920 1378 1991 studuisse:

154 2042 226 2086 uam
262 2024 411 2095 Plautus.
448 2043 541 2104 quem
581 2042 599 2086 6
633 2025 774 2088 Terentio
812 2027 920 2087 multis
958 2026 1076 2104 legibus
1115 2026 1189 2086 artis
1228 2026 1380 2088 metricae·
1411 2047 1415 2055 ’

154 2130 334 2210 diligentins
369 2131 538 2193 observatis
572 2135 751 2211 superatum
788 2149 854 2193 esse
890 2130 965 2192 satis
995 2131 1076 2192 inter
1105 2147 1210 2192 omnes
1241 2133 1374 2202 constat,

154 2238 252 2299 rarius
287 2239 353 2311 hae,
383 2237 419 2298 de
449 2255 509 2317 qua
537 2236 668 2316 agimus,
704 2237 827 2299 licentia
851 2254 931 2298 usus
963 2240 1019 2299 est.
1071 2235 1236 2298 Poetarum
1265 2238 1372 2298 autem

154 2342 326 2422 posterioris
355 2343 476 2416 aetatis,
507 2343 560 2423 qni
589 2361 695 2405 omnes
727 2341 789 2405 fere
818 2342 897 2405 hanc
930 2343 1150 2423 synaloepham
1185 2344 1250 2404 tam
1281 2360 1378 2421 aegre·

153 2448 301 2524 ferebant,
324 2454 359 2511 nt
382 2467 451 2511 eam
475 2449 597 2511 omnino
621 2447 683 2511 fere
707 2467 743 2511 ex
765 2450 822 2511 hae
845 2448 916 2512 sede
933 2450 1074 2521 eicerent,
1097 2447 1249 2511 Publilius
1265 2446 1372 2528 Syme,

154 2573 345 2636 quamquam
370 2555 495 2617 verbum
520 2558 566 2617 est
588 2555 616 2617 h.
634 2556 651 2618 l.
668 2554 859 2618 antecedenti
876 2554 972 2617 vocali
988 2554 1176 2635 synaloepha
1191 2553 1378 2633 coniungere·

155 2679 213 2723 non
230 2661 352 2723 dubitat
374 2661 424 2742 (61.
442 2657 490 2723 W.
509 2659 635 2740 Meyer:
659 2648 743 2722 Uber
766 2661 814 2722 die
832 2659 1377 2740 3666666666[1667766166666166
1443 2645 1446 2650 ’

152 2767 182 2829 16
207 2767 261 2829 der
284 2767 432 2829 oltlatein.
457 2767 579 2840 Poesie;
613 2749 866 2846 Abhandlungen'
894 2766 947 2828 der
970 2766 1235 2848 philos-philolog.
1259 2764 1372 2828 Klasse

153 2873 206 2935 der
229 2872 350 2951 Konigl.
368 2873 576 2953 Bayerischen
594 2872 760 2936 Akademie
784 2872 838 2934 der
855 2871 1119 2936 Wissenschaften
1146 2872 1202 2935 Bd.
1221 2872 1260 2933 17
1277 2891 1305 2952 p.
1318 2872 1375 2934 21.

152 2980 216 3061 48.)
241 2983 346 3041 tamen
372 2979 460 3040 aliter
482 2997 580 3058 neque
598 2979 724 3041 ultimae
740 2997 839 3060 neque
855 2979 1062 3059 paenultimae
1078 2996 1224 3041 versuum
1239 2976 1375 3039 iambice·

153 3084 359 3148 desinentium
391 3085 454 3147 sedi
484 3085 704 3165 synaloepham
733 3085 890 3156 attribuit,
925 3103 997 3147 cnm
1029 3084 1188 3147 Phaedrus
1221 3102 1259 3146 ne
1293 3081 1373 3144 illnd

152 3194 197 3253 ost
219 3191 343 3272 quidem
366 3192 429 3253 1666
454 3190 490 3253 de
515 3210 573 3272 quo
590 3190 701 3270 agitur,
726 3191 908 3253 imminuere
925 3190 1060 3273 auderet.
1100 3189 1247 3252 Horatius
1264 3193 1374 3252 autem.

151 3297 183 3360 iu
211 3298 295 3360 exitu
323 3316 468 3360 versuum
496 3297 588 3359 iamt.
613 3296 778 3377 epodornm
811 3297 907 3359 semel
936 3299 1061 3359 tantum
1085 3294 1270 3378 synaloepha
1292 3312 1369 3357 usus

151 3412 199 3466 est
222 3403 374 3467 scribens:
397 3407 563 3482 66666661.
604 3403 638 3464 In
663 3402 775 3465 fabulis
800 3421 929 3483 quoqne,
954 3422 1031 3482 quas
1055 3401 1226 3482 composuit
1244 3400 1373 3470 866666.

152 3509 272 3573 nullunr
294 3510 478 3572 vocabulum
502 3513 622 3589 praeter
644 3509 720 3572 illud
741 3493 818 3603 fest,
838 3527 932 3589 qnam
949 3527 1053 3571 venem
1070 3509 1191 3588 saepius
1215 3508 1258 3588 (in
1273 3505 1372 3567 iamb.

151 3616 278 3680 senariis
294 3616 415 3679 circiter
432 3611 530 3696 uoles)
549 3617 667 3679 vocales
685 3622 863 3696 sequentem
884 3615 915 3678 in
928 3633 1074 3677 versuum
1090 3619 1173 3677 exitu
1186 3612 1373 3692 invenimus,

151 3722 338 3803 synaloepha
366 3722 430 3784 vooi
458 3721 650 3784 antecedenti
680 3721 882 3800 coniungitur.
939 3719 1099 3783 Terentius
1134 3719 1229 3798 igitur
1263 3723 1373 3781 contra

151 3835 319 3891 ceterorum
342 3831 502 3908 poetarum
525 3827 781 3890 consuetudinem
805 3845 877 3890 cnm
901 3826 962 3888 alia
988 3825 1135 3889 vocabula
1153 3843 1268 3888 monos.
1299 3827 1369 3885 tum

150 3933 375 3998 interiectiones
406 3933 529 3996 elisione
560 3933 624 3996 roni
648 3934 807 4014 praeeunti
830 3935 1060 4011 coagmentatus
1083 3931 1115 3993 in
1136 3929 1199 3993 fine
1222 3947 1371 3992 versuum

149 4041 180 4102 in
204 4039 344 4102 iambum
368 4038 574 4102 desinentium
602 4057 712 4119 ponere
743 4038 870 4101 studuit.
917 4037 1028 4100 Rarius
1053 4055 1147 4117 quam
1170 4036 1200 4098 h.
1223 4035 1240 4099 l.
1267 4037 1374 4098 exstat

150 4145 335 4226 synaloepha
358 4146 389 4207 in
413 4146 484 4208 sede
500 4145 676 4208 huiusmodi
694 4163 842 4209 rensuum
859 4144 1058 4225 paenultima.
1097 4141 1244 4224 Exempla
1260 4144 1369 4204 autem

150 4253 225 4315 haec
248 4252 371 4331 collegi:
417 4251 510 4314 Andr.
535 4251 598 4312 262
625 4269 720 4332 usqne
744 4250 853 4313 adhuc.
879 4250 942 4312 470
967 4249 1099 4312 sensisse
1123 4248 1177 4311 ait.
1202 4248 1266 4310 489
1291 4263 1369 4310 nam
