3060 4718
840 219 882 281 26

251 431 376 495 tertiam
402 431 556 513 syllabam
579 431 661 494 noeis
685 429 879 510 obstupefecit
901 431 1023 513 longam
1048 446 1214 510 usurpasse
1237 427 1314 490 mihi
1338 427 1477 498 videtur,

251 539 295 601 ita
337 544 372 600 ut
405 537 533 600 leetione
574 536 714 600 deditum
760 542 881 600 servata
917 535 960 599 sie
999 534 1190 599 metiendum
1234 552 1300 597 esse
1340 536 1471 615 putem:

252 694 258 706 .
285 693 291 706 .
316 643 458 707 timidum
481 642 524 707 ibi
546 642 767 723 obstupdfheit.
795 693 800 706 .

358 750 432 812 309.
455 749 594 812 Dubium
618 753 673 824 est,
705 754 812 813 utrum
835 748 1001 812 adstarem
1024 767 1056 810 eo
1080 765 1119 809 an
1143 745 1290 809 ceddam:
1313 767 1345 809 eo
1368 747 1477 825 legen-

251 855 327 918 dum
352 856 400 918 sit.

358 962 430 1024 aab.
462 980 567 1024 versus
611 980 672 1023 nen
712 961 864 1040 genuinus
904 961 944 1023 ab
984 960 1127 1022 omnibus
1170 958 1337 1021 editoribus
1378 958 1476 1020 undis

250 1066 427 1132 includitur.

1037 1166 1084 1193 Α
1118 1152 1188 1201 A}

357 1227 430 1290 369.
455 1232 561 1289 eontra
585 1226 638 1290 Dz.
663 1227 692 1289 h.
716 1227 735 1288 l.
759 1227 860 1305 legere
884 1225 991 1287 velim:
1014 1228 1051 1288 ai
1073 1194 1142 1289 eadm
1165 1243 1250 1286 esse..

357 1351 430 1414 410.
453 1349 568 1412 (abduce
589 1348 689 1427 ledum
713 1350 743 1411 in
767 1349 911 1412 eedieeA
934 1349 1045 1428 legitur
1067 1325 1176 1423 abdue,
1200 1349 1230 1410 in
1256 1348 1317 1411 rell.
1342 1345 1475 1410 abduce..

253 1454 343 1518 Neue
367 1455 398 1517 in
422 1455 492 1518 libri
516 1454 647 1547 charein.
670 1441 895 1518 Formenlehre'
919 1453 951 1517 II
975 1475 1003 1536 p.
1027 1456 1091 1518 336
1116 1474 1176 1536 seq.
1201 1453 1315 1525 denuit,
1337 1453 1475 1532 impera·

251 1561 327 1623 tivos
343 1561 561 1624 venabulorum
579 1566 609 1624 et
630 1562 816 1642 simplicium
834 1548 964 1657 dieene’,
987 1547 1126 1657 (ducere,
1144 1545 1263 1657 ‘faeere'
1280 1561 1310 1622 et
1322 1559 1474 1639 compesi-

251 1673 353 1729 tarum
383 1672 418 1730 ut
448 1653 621 1764 <abdueere’
651 1667 732 1749 apud
762 1672 876 1731 veteres
908 1667 1062 1730 Romanos
1091 1668 1273 1748 plerumque
1305 1665 1402 1728 veeali
1432 1650 1472 1760 ‘e'

251 1773 430 1836 terminatas
454 1792 536 1846 esse;
560 1778 728 1855 utrumque
751 1773 846 1853 igitur
868 1776 975 1854 poetae
997 1792 1146 1854 usurpare
1169 1772 1266 1835 licuit.

359 1898 432 1961 667.
457 1896 559 1960 Verba
590 1897 681 1960 huius
706 1916 811 1961 versus
835 1897 919 1961 varia
942 1897 1137 1961 collocatione
1161 1896 1401 1976 coniunguntur,
1424 1895 1472 1956 ita

251 2007 286 2065 nt
310 2003 497 2084 synaloepha
513 2022 597 2082 pierre
620 2005 724 2083 inquit
744 2005 776 2067 in
800 2004 892 2066 dubie
916 2004 1117 2084 relinquenda
1140 2004 1192 2065 sit.

357 2109 430 2172 909.
453 2110 590 2172 Dubium
614 2120 670 2183 est,
700 2113 806 2172 utrum
837 2113 921 2172 tante
952 2129 1040 2188 opere
1073 2128 1113 2171 an
1144 2111 1300 2186 tantopere
1331 2108 1479 2210 statuen-

252 2215 327 2277 dum
351 2215 399 2279 sit.

358 2323 431 2384 949.
450 2321 567 2401 paneadi
589 2323 819 2399 inconstantem
842 2323 1055 2385 tneoasteurte
1071 2321 1114 2383 Fl.
1132 2321 1261 2383 eonieeit
1276 2337 1329 2401 pre
1353 2316 1477 2382 eodieis.

252 2429 276 2488 A
302 2430 463 2491 sententia.

357 2534 430 2597 976.
454 2535 535 2596 hune
559 2552 680 2597 versum
711 2553 746 2596 ex
777 2534 881 2597 Plaut.
916 2533 1006 2597 Most.
1038 2533 1101 2596 655
1126 2539 1296 2615 sumptum,
1325 2533 1356 2596 id
1387 2531 1469 2612 quad

251 2638 368 2719 primus
391 2639 541 2703 intellexit
565 2638 759 2714 Guilielmus,
784 2640 825 2705 ll.
849 2643 881 2703 et
911 2639 965 2702 Dz.
989 2658 1045 2702 sue
1068 2640 1134 2702 iure
1157 2641 1245 2703 undis
1268 2639 1469 2703 incluserunt.

355 2762 431 2826 Hae.
456 2765 485 2826 2.
509 2783 589 2827 aevu
613 2765 641 2826 ei
663 2782 787 2841 remam
817 2765 846 2827 ei
869 2767 915 2827 est
938 2783 974 2826 ex
998 2763 1172 2826 coniectura
1197 2763 1344 2837 Bentleii3
1376 2762 1470 2825 metri

252 2887 346 2932 eausa
369 2873 438 2950 post
460 2888 566 2933 voeem
589 2871 828 2945 antevertam,
860 2869 940 2951 qued
973 2869 1090 2932 orditur
1113 2888 1133 2931 a
1155 2870 1260 2942 vocali,
1284 2873 1340 2932 aut
1363 2887 1468 2930 mene·

251 2975 406 3056 syllabum
430 2981 485 3038 aut
507 2976 715 3056 pyrrhichium
738 2976 916 3039 addendum
939 2979 995 3038 est.

358 3083 489 3146 722-70.
520 3082 583 3145 Hes
619 3101 734 3157 versus,
777 3101 852 3163 quos
887 3082 940 3144 Dz.
973 3101 1008 3145 ex
1034 3083 1163 3163 prolege
1202 3080 1326 3145 fabulae
1355 3080 1471 3144 Heaut.

251 3192 390 3268 sumptos
414 3189 442 3251 h.
468 3188 486 3250 l.
510 3187 649 3262 inseruit,
673 3188 791 3250 iamin
815 3188 937 3251 tabulae
961 3187 1073 3252 Heaut.
1098 3188 1243 3269 exemplis
1267 3186 1474 3266 congerendis-

251 3295 376 3374 respexi.

357 3401 407 3463 al.
432 3400 524 3462 Hune
548 3419 670 3463 versum
701 3400 810 3463 merito
841 3400 871 3462 in
896 3400 1103 3481 suspieionem
1127 3400 1245 3463 vaeavit
1269 3398 1477 3480 Grauteffius*

356 3524 495 3589 ala-wal.
525 3524 589 3587 Hos
622 3543 728 3587 versus
758 3523 802 3588 Fl.
841 3529 873 3586 et
895 3524 949 3587 Du.
981 3525 1009 3587 h.
1033 3525 1052 3587 l.
1084 3525 1202 3606 spurios
1233 3523 1325 3587 deleri
1356 3523 1469 3586 veliunt.

251 3630 305 3692 Du.
331 3630 370 3692 ad
394 3630 476 3693 hune
499 3630 600 3693 lecum
625 3633 752 3692 annotat
776 3632 867 3694 haee:
899 3631 1039 3726 (ra-51
1070 3629 1170 3693 eidem
1200 3631 1232 3692 in
1257 3629 1369 3693 Heaut.
1393 3629 1468 3710 prol.

250 3736 562 3817 48-501eguntur;
594 3755 783 3817 quamquam
811 3737 843 3798 in
868 3739 894 3798 A
917 3736 977 3799 duo
1008 3737 1120 3818 priores
1144 3755 1249 3800 versus
1282 3736 1323 3799 ibi
1347 3735 1469 3808 desunt,

250 3860 301 3904 eos
324 3861 424 3923 neque
448 3843 631 3923 inutraque
655 3843 776 3924 prologo
800 3842 922 3904 admitti
939 3847 1178 3906 eonsentaneum
1195 3845 1242 3905 est
1266 3845 1296 3904 et
1315 3842 1347 3903 in
1364 3843 1473 3902 nestre

249 3947 351 4029 aptius
375 3949 475 4012 emitti
508 3948 731 4011 sententiarum
755 3966 886 4011 eenenus
910 3947 1010 4022 doeet3
1040 3949 1146 4029 itaque
1177 3967 1250 4010 eum
1273 3946 1475 4010 Fleelreiseno·

249 4073 298 4117 ees
331 4055 435 4128 omisi3
466 4055 554 4117 aliter
582 4055 676 4118 sentit
699 4053 835 4135 Wagner
865 4053 903 4116 N.
927 4054 957 4119 J.
991 4055 1076 4118 1865
1106 4075 1133 4136 p.
1167 4055 1228 4116 281
1263 4059 1294 4117 et
1323 4055 1355 4116 in
1388 4038 1474 4116 edd.''

250 4159 401 4241 Equidem
415 4160 467 4222 Dz.
494 4165 619 4223 seeutus
643 4161 855 4242 synaloephas,
880 4179 958 4241 quae
979 4161 1172 4241 reperiuntur
1195 4161 1226 4223 in
1251 4160 1300 4223 his
1317 4159 1473 4232 versibus,

248 4265 372 4329 fabulae
397 4266 509 4329 Heaut.
534 4266 669 4331 attribui.
