3060 4718
746 215 788 276 20

651 422 777 526 Cap.
805 424 880 500 Π.

261 584 331 665 De
360 583 561 685 syllabis
590 586 641 664 et
670 581 801 663 elisis
830 586 881 664 et
908 605 1072 698 vocem
1102 583 1269 665 elisam

579 707 945 809 excipientibus

237 887 396 979 ¹Multum
427 888 524 962 abest,
557 891 593 951 ut
630 906 736 951 omnes
771 888 976 970 synaloephae
1010 887 1119 952 eidem
1152 888 1215 952 sint
1245 889 1380 953 duritiae.

154 993 298 1076 Namque
321 994 447 1057 cumin
471 993 619 1058 elidendis
643 994 770 1075 syllabis
794 993 947 1068 brevibus,
979 1013 1058 1076 quae
1089 995 1122 1057 in
1144 995 1281 1059 vocalem
1304 1015 1384 1058 exe--

155 1103 221 1176 unt,
244 1100 293 1164 vix
315 1100 504 1165 haerendum
528 1100 576 1172 sit,
600 1100 715 1164 maiore
738 1119 811 1163 cum
834 1099 997 1165 offensione
1013 1100 1218 1182 corripiuntur
1231 1102 1380 1186 spilabae·
1418 1136 1421 1140 ·

153 1207 270 1296 longae,
301 1225 378 1288 quas
407 1209 506 1288 poeta,
538 1225 598 1288 quo
622 1205 751 1288 quisque
781 1207 982 1273 severioribus
1005 1206 1120 1270 normis
1144 1226 1176 1271 se
1199 1207 1383 1280 adstrinxit„

151 1293 188 1377 eo
211 1315 312 1377 rarius
343 1331 405 1394 seq.
430 1312 549 1395 syllaba
576 1312 660 1376 brevi
689 1312 872 1377 imminuere
897 1331 991 1376 ansus
1015 1317 1071 1377 est.
1118 1312 1203 1391 Quae
1226 1333 1275 1378 res
1299 1334 1380 1378 cum:

130 1476 131 1481 ,
153 1421 197 1483 ιιι
221 1439 253 1483 ιι
275 1418 397 1496 habeat,
420 1422 456 1481 ut
479 1424 541 1500 qui
554 1417 715 1483 Terentius
738 1419 770 1482 in
791 1420 851 1483 hac
866 1439 899 1484 re
914 1438 990 1483 usus
1008 1423 1087 1484 esset
1104 1421 1220 1485 ratione
1236 1421 1382 1486 dilucide·

153 1528 320 1608 appareret,
344 1542 501 1588 summam
524 1543 648 1607 operam
670 1525 742 1588 huic
765 1525 936 1606 quaestioni
959 1524 1084 1590 dedit
1052 1530 1145 1607 atque
1168 1546 1381 1609 quaecunque·

154 1633 213 1695 huc
242 1636 308 1713 pert
310 1632 395 1696 inent
426 1650 521 1713 quam
550 1636 675 1695 accurat
675 1631 779 1695 issime
809 1635 862 1713 pot
863 1633 896 1694 ui
927 1632 1129 1713 respiceret
1100 1633 1214 1698 studui
1260 1634 1381 1715 Itaque·

153 1739 256 1803 vocab.
279 1757 396 1802 monos.
419 1738 451 1800 in
475 1737 611 1802 vocalem
635 1718 928 1841 exeuntiat'vocibns‚
951 1737 1078 1819 quaein
1095 1739 1230 1803 vocalem
1245 1739 1379 1820 longam

153 1844 306 1919 desinunt,
284 1845 452 1908 tmiscere
467 1862 527 1907 non
544 1862 639 1906 ausus
656 1862 734 1918 sum,
751 1848 783 1907 et
795 1861 831 1908 ιι
846 1862 962 1908 monos
979 1849 1124 1925 quaet
1074 1845 1130 1909 litt.
1154 1866 1186 1908 m
1186 1832 1323 1909 'finiunt
1310 1852 1369 1921 tur
1379 1901 1381 1906 .

153 1969 171 2014 a
187 1951 312 2015 vocibus
331 1951 467 2032 plurium
483 1949 696 2031 syllabarum
689 1970 720 2012 m
746 1969 777 2011 m
804 1955 915 2013 exeunt
902 1951 985 2014 tibus
1002 1952 1141 2032 separavi
1158 1971 1212 2015 suo
1230 1970 1382 2034 quaeque-

150 2057 215 2121 loco
244 2060 443 2131 tractaturus,
473 2056 619 2137 quoniam
648 2059 736 2137 propt
738 2074 771 2118 ιι
723 2056 864 2119 thiat
851 2060 919 2119 tum
941 2056 1125 2136 legitimum
1149 2062 1253 2121 utrum
1278 2077 1371 2138 syna·

151 2164 258 2245 loepha
280 2163 345 2226 voci
369 2181 430 2244 seq.
446 2180 592 2242 coagmen
594 2165 641 2224 ι
642 2180 660 2224 ι
684 2181 723 2224 ιιι
744 2161 841 2224 hiant
819 2166 863 2224 ιιι
885 2161 1015 2242 legenda
1036 2163 1098 2225 sint
1100 2210 1107 2237 ‚
1086 2164 1278 2226 tnonnullis
1295 2164 1379 2227 locis.

153 2271 305 2333 incertum
329 2272 384 2334 est.

258 2393 294 2456 In
322 2392 519 2472 congerendis
549 2392 693 2474 exemplis
723 2395 849 2456 secutus
880 2411 950 2456 sum
975 2393 1188 2456 Dziatzconem
1217 2392 1254 2456 iis
1286 2393 1380 2467 locis,¹

153 2517 228 2579 quos
251 2498 332 2563 infra
354 2499 487 2562 incertos
510 2498 765 2573 commemorabo,
790 2498 930 2579 exceptis.

257 2622 304 2687 Ne
342 2623 478 2686 ambitus
516 2627 623 2686 autern
657 2623 749 2685 huius
782 2622 876 2685 libelli
910 2622 1003 2685 nimis
1042 2624 1214 2702 augeretur,
1248 2622 1381 2702 singula.

152 2729 299 2810 exempla,
328 2746 407 2810 quae
436 2732 520 2792 certa
550 2729 620 2802 sint,
650 2747 710 2791 uon
741 2728 840 2802 attuli,
872 2727 925 2792 sed
949 2727 986 2791 de
1010 2727 1063 2802 eis,
1091 2745 1169 2809 qnae
1193 2730 1229 2791 ut
1250 2728 1379 2792 incerta.

152 2835 279 2916 neglexi,
310 2836 416 2917 paucis
440 2853 495 2898 our
517 2852 553 2897 ea
576 2834 694 2898 incerta
716 2839 832 2916 putem,
860 2833 938 2898 ratio
961 2833 1116 2897 reddenda
1138 2834 1215 2897 mihi
1238 2834 1379 2898 videtur..

153 2940 233 3006 Sunt
256 2945 361 3005 antem
384 2942 440 3005 loci
464 2941 511 3003 hi:

557 3082 594 3150 ll.
624 3079 655 3149 in
681 3080 777 3150 iamir.
801 3079 961 3149 senariis:

256 3207 351 3272 Andr.
377 3209 415 3270 11
455 3226 520 3272 mom
543 3209 589 3271 itu
612 3210 688 3269 sumt
710 3205 857 3270 dissimili
878 3210 1068 3288 crpnormio,
1092 3205 1148 3269 ιιι
1170 3209 1280 3270 mmm.
1332 3205 1377 3269 In

150 3316 207 3380 hoc
235 3334 327 3380 versu
357 3313 526 3379 exhibendo
552 3313 670 3377 codices
694 3313 876 3394 discrepant.
901 3311 993 3376 Oodd.
1018 3311 1184 3376 BODGP
1207 3312 1368 3395 praebent:

150 3439 215 3485 mm
237 3419 453 3485 indissimili
475 3422 761 3501 smmtarpummto,
785 3418 840 3482 ιιι
862 3421 975 3497 mmm,
1005 3436 1083 3500 quae
1117 3418 1206 3482 lectio
1241 3435 1377 3482 mensu--

150 3546 218 3590 ram
241 3546 347 3592 versus
370 3526 542 3606 legitimam
573 3525 705 3600 excedit3
737 3544 808 3589 cum
833 3524 936 3606 Umpf.
960 3527 992 3588 et
1013 3524 1158 3588 Fleckeis.
1203 3524 1378 3598 Rittarum‚,.

151 3634 204 3716 qni
226 3634 345 3698 indiciis
368 3633 478 3698 codicis
500 3632 526 3695 d
549 3631 678 3696 fortasse
701 3632 853 3713 impulsus
875 3631 977 3695 verbis
1001 3629 1149 3695 dissimili
1171 3634 1246 3693 sumt
1266 3633 1380 3693 trans-⁴-

153 3740 282 3804 mntatis
328 3739 523 3804 offensionem
560 3737 778 3802 removendam
816 3756 883 3801 ιιιι
920 3740 1026 3819 putat,
1063 3737 1161 3800 secuti
1206 3735 1367 3816 legendam

150 3848 338 3928 proponant:
367 3865 432 3909 mm
461 3847 507 3909 itu
536 3847 612 3907 suot
640 3843 789 3908 dissimili
810 3847 999 3925 ornamento,
1033 3842 1088 3905 ιιι
1109 3846 1222 3921 mmm,
1253 3843 1378 3923 optime·

149 3953 278 4016 fortasse
312 3952 455 4016 Dziatuoo
489 3955 520 4015 et
555 3950 735 4033 Spengelius
781 3968 852 4014 voce
898 3949 954 4012 sed
998 3967 1069 4013 oum
1110 3948 1248 4012 Bentleio
1278 3948 1311 4011 in
1341 3951 1371 4010 ei

150 4061 272 4123 mutata
301 4059 462 4122 lectionem
496 4059 564 4122 libr.
593 4058 780 4140 optimorum
813 4056 908 4120 hano:
949 4074 1014 4119 mm
1043 4055 1089 4119 itu
1120 4052 1268 4118 dissimili
1294 4057 1375 4116 sumt?

148 4185 207 4246 ιιι
231 4215 238 4228 .
263 4213 271 4230 .
297 4214 304 4227 .
334 4165 472 4230 retinent.
515 4163 710 4246 synaloepha
736 4163 833 4244 igitur
866 4161 1015 4226 dissimili
1044 4164 1224 4242 urpcmmto
1252 4160 1379 4224 coniec-

149 4275 220 4335 tura
243 4271 350 4335 effecta
373 4270 543 4335 omittenda
569 4274 625 4336 est.
