3060 4718
191 435 259 497 arad
289 432 484 498 Volcolislnus
507 434 562 497 der
584 433 688 499 toleta.
713 421 859 514 Sproclle'
882 434 1004 516 Lipsiae
1029 435 1113 498 1860
1137 435 1194 500 vol.
1214 434 1245 496 ll
1269 454 1297 516 p.
1323 436 1420 517 776);.

191 560 253 622 qua
277 541 389 604 vocalis
411 541 513 604 finalis
537 544 683 621 sequente
708 542 803 604 vocali
826 541 915 622 quasi
939 542 1127 616 absorbetur,
1151 542 1195 604 ita
1218 544 1254 603 ut
1269 559 1331 604 una
1347 541 1421 604 fere·

191 647 342 710 efficiatur
365 647 492 728 syllaba.
539 645 608 725 Qua
630 647 664 710 in
687 648 884 739 synaloepha,
916 665 994 729 quae
1017 666 1056 710 ne
1080 648 1147 728 ipsa
1170 647 1294 728 quidem
1318 648 1420 728 plane·

191 753 316 816 carebat
338 752 511 827 offensione,
541 752 725 837 adhibenda:¹
737 771 756 816 a
778 753 874 834 poetis
898 753 1056 834 dactylicis
1087 757 1186 817 certas
1209 753 1292 833 leges
1308 753 1422 816 obser·-

191 864 278 922 vatas
307 878 373 922 esse
404 859 552 940 praeclari
583 859 646 934 viri,
681 846 762 922 inter
796 878 873 940 quos
903 859 999 941 primo
1031 860 1095 923 loco
1125 858 1306 923 nominandi
1336 862 1409 921 sunt

191 964 418 1038 Lachmannus,
441 963 515 1029 Luc.
531 964 667 1042 Mueller,
691 966 1000 1028 commentationibus
1024 966 1190 1029 subtilibus
1207 965 1409 1030 ostenderunt

191 1074 222 1132 ot
245 1070 461 1151 probaverunt.
501 1069 602 1149 Quam
625 1071 663 1134 ob
687 1089 752 1134 rem
771 1089 831 1134 non
848 1090 971 1151 prorsus
986 1072 1095 1135 inutile
1112 1091 1180 1134 esse
1196 1071 1273 1134 mihi
1288 1070 1421 1133 videtur-

193 1195 338 1257 quaerere
374 1180 405 1240 et
439 1177 578 1251 scrutari,
612 1195 712 1240 nonne
746 1176 906 1240 Terentius
940 1177 1064 1241 easdem
1097 1177 1159 1241 iere
1194 1195 1316 1240 normas
1349 1176 1422 1238 huo·

191 1286 366 1374 spectantes
396 1282 609 1359 observaverit,
640 1282 671 1346 id
700 1283 857 1357 arbitrato,
888 1287 993 1364 poetas
1017 1284 1172 1347 scaenicos
1196 1285 1279 1362 leges
1304 1287 1409 1364 postea

191 1388 423 1468 diligentissime
453 1389 638 1464 observatas,
670 1389 715 1452 ita
745 1393 780 1452 ut
810 1389 878 1452 illas
903 1390 942 1453 ad
966 1390 1088 1470 linguae
1112 1389 1239 1453 Latinae
1262 1382 1417 1451 naturam

191 1499 222 1558 et
249 1513 343 1558 usum
371 1494 555 1558 revocandas
586 1514 653 1558 esse
682 1496 814 1559 dilucide
843 1499 997 1577 appareat,
1029 1515 1090 1558 non
1118 1495 1207 1577 plane
1230 1495 1407 1575 neglexisse.

298 1599 499 1679 Quaestiones
534 1605 639 1664 autem
673 1601 756 1682 ipsas
785 1602 829 1664 ita
858 1601 1030 1674 instituam,
1061 1605 1096 1664 ut
1128 1602 1262 1683 primurn
1293 1619 1421 1674 omnes,

191 1725 270 1787 quae
300 1709 423 1770 exstant
453 1707 485 1769 in
513 1707 627 1770 fabulis
650 1706 851 1782 Terentianis,
882 1708 1085 1789 synaloephas
1109 1712 1269 1787 congestas
1293 1707 1408 1770 tabulis

190 1812 329 1886 triferam,
368 1813 475 1877 deinde
514 1813 551 1876 de
590 1813 715 1894 syllabis
754 1817 784 1876 et
823 1815 1005 1878 exeuntibus
1039 1819 1070 1878 et
1104 1814 1297 1889 ineuntibus,
1329 1832 1419 1894 quae<

192 1919 394 2001 synaloephae
418 1919 573 1983 subiectae
597 1923 679 1993 sunt,
704 1938 796 2000 agam
818 1920 851 1982 id
871 1920 1023 2001 imprimis
1040 1924 1190 2002 spectans
1215 1938 1293 1982 uum
1309 1919 1421 1999 aequa.

190 2025 307 2088 ratione
338 2024 474 2106 syllabae
505 2030 536 2087 et
565 2025 672 2105 longae
700 2029 730 2088 et
754 2025 859 2089 breves
883 2030 914 2090 et
936 2027 968 2088 in
990 2047 1021 2087 m
1049 2026 1223 2089 desinentes
1253 2029 1420 2105 correptae-

191 2131 269 2205 sint3
307 2135 385 2205 turn,
416 2133 589 2212 postquam,
624 2149 702 2211 quae
733 2137 814 2195 esset
840 2135 947 2213 poetae
977 2133 1054 2194 ratio
1084 2133 1116 2194 in
1146 2130 1293 2194 elidendis
1317 2130 1419 2192 certis-

191 2237 324 2311 vocibus,
359 2255 492 2318 quarum
516 2237 707 2322 synaloepha
725 2237 892 2300 durissima
916 2238 955 2301 ab
971 2239 1071 2325 ‚epicis
1095 2237 1191 2319 poetis
1213 2237 1246 2299 in
1267 2236 1406 2300 versibus
1462 2292 1472 2310 ,

191 2343 355 2407 condendis
387 2342 628 2423 diligentissimis
658 2347 689 2407 et
718 2344 975 2431 accuratissimis}
990 2345 1167 2407 cautissime
1191 2343 1328 2406 adhibita
1352 2347 1407 2404 aut

156 2483 159 2489 ·
191 2469 313 2526 prorsus
348 2450 444 2512 vitata
478 2454 533 2524 est,
568 2449 785 2525 demonstravi,
820 2446 976 2514 nonnulla*
1001 2451 1038 2514 de
1073 2449 1341 2532 proceleusmatico
1377 2454 1420 2512 et*

191 2556 378 2636 surreptione
400 2556 432 2617 in
456 2555 642 2645 synaloepha
664 2574 683 2618 a
705 2555 845 2620 Terentio
869 2556 1005 2620 admissa
1029 2556 1151 2620 addam.
1188 2555 1277 2618 Vocis
1301 2558 1417 2618 autem·

191 2648 256 2757 ‘ost'
282 2648 493 2744 synaloephas,
524 2681 601 2742 quae
625 2666 656 2725 et
685 2661 860 2725 lenissimae
883 2663 922 2725 ab
949 2663 1091 2725 omnibus
1115 2662 1210 2743 poetis
1234 2680 1355 2742 semper
1378 2666 1409 2723 et

190 2768 305 2848 ubique
329 2768 506 2849 saepissime
530 2772 698 2849 usurpatae
722 2772 804 2842 suut,
828 2770 986 2848 neglegere
1009 2768 1085 2831 mihi
1109 2769 1208 2832 liceat.

298 2874 483 2956 Priusquam
512 2874 576 2937 iarn
606 2873 643 2936 ad
673 2894 739 2938 rem
767 2874 868 2956 ipsam
899 2874 1070 2955 aggrediar,
1104 2875 1258 2956 reliquum
1287 2879 1343 2949 ost,
1373 2879 1409 2937 ut

190 2979 331 3055 indicem,
355 2998 433 3060 quae
456 2980 631 3043 fabularum
653 2979 905 3044 l'erentianarum
935 2980 1081 3044 editiones
1110 2981 1186 3043 mihi
1209 2980 1241 3043 in
1265 2984 1417 3062 promptu¹

175 3078 313 3149 'fuerint
370 3087 497 3150 Praeter
540 3086 686 3149 editiones
731 3087 925 3167 singularum
968 3086 1145 3149 fabularum
1183 3105 1202 3149 a
1240 3085 1420 3168 Spengelio,

191 3191 355 3271 Wagnero‚
394 3192 575 3256 Dziatzcone
614 3194 738 3255 curatas
769 3194 802 3255 in
836 3192 1096 3273 comparationem
1129 3193 1234 3256 vocavi
1269 3193 1417 3255 omniurn.

190 3298 420 3361 comoediarum
444 3298 599 3373 editiones,
631 3316 709 3378 quas
733 3302 927 3388 curaverunt·
941 3298 1110 3371 Bentleius,
1134 3298 1408 3380 Umpienbaohius,

191 3403 411 3480 Fleckeisenus,
436 3405 586 3468 Driataoo.
632 3404 748 3468 Versus
772 3409 877 3468 autern
909 3405 999 3468 citavi
1024 3405 1194 3469 secundum
1217 3405 1409 3491 llniatroonis

191 3510 365 3574 editionem.

700 3649 777 3726 Ca
815 3708 826 3726 .
854 3650 897 3726 Ι.

390 3792 461 3871 De
489 3678 894 3894 synaloephalium
923 3791 1207 3893 frequentia.

299 3954 496 4035 Quamquam
527 3954 564 4017 de
593 3972 720 4017 numero
753 3954 1020 4035 synaloepharum,
1051 3972 1122 4018 oum
1149 3971 1197 4016 res
1228 3971 1264 4015 ex
1294 3951 1419 4014 tabulis⁸

191 4060 304 4123 additis
335 4061 433 4123 multo
463 4059 573 4123 clarius
603 4064 757 4141 appareat,
788 4061 888 4122 multa
915 4060 1006 4123 verba
1037 4060 1136 4123 lacere
1166 4078 1228 4122 non
1250 4076 1326 4140 opus
1350 4063 1419 4131 est,

192 4167 297 4229 tamen
336 4185 489 4248 perpauca
530 4167 726 4247 praemittere
767 4151 866 4229 liceat.
928 4165 960 4229 Si
998 4165 1232 4228 multitudinem
1270 4165 1418 4246 synaloe=

190 4274 324 4354 pharum
361 4276 484 4335 tantam
521 4272 656 4337 Terentii
693 4272 1003 4346 consideraverimus
1042 4289 1079 4334 ne
1118 4271 1180 4334 ha‘c
1214 4289 1250 4334 re·
1282 4270 1416 4334 adducti„
