3060 4718
656 193 867 289 ..ji-

153 401 214 464 741
248 401 303 464 tibi
332 401 472 463 habeam.
505 402 567 463 785
591 403 708 482 explete
736 403 884 467 animum.
917 405 978 466 788
1010 405 1143 466 inrisum
1173 408 1260 470 hodie
1290 409 1369 489 [797

150 507 280 587 gloriam
309 507 400 588 esse].
443 507 506 569 816
534 507 695 589 Pamphile
723 508 820 572 hodie.
866 509 929 571 847
964 511 1007 572 ita
1041 510 1176 590 inquam.
1224 514 1279 576 Ad.
1305 516 1370 578 209

150 616 245 693 atque
269 613 372 677 etiam.
398 613 459 675 707
484 612 582 674 filium
606 631 680 678 esse.
721 614 783 676 709
808 614 930 677 sinust?
953 616 1033 678 hem.

64 762 66 764 ·
182 784 183 787 ,
256 733 395 815 Excepta
433 736 528 816 igitur
561 755 632 800 voce
668 724 733 833 (000
767 738 798 833 in
834 738 914 800 thesi
960 757 1114 812 versuum,
1138 740 1189 821 qui
1225 743 1368 806 trochaeo

150 842 307 914 liniuntur,
338 845 476 905 extrema
507 843 618 923 septies
635 843 832 924 synaloepha
863 844 1023 916 invonitur,
1053 863 1089 908 ac
1123 846 1219 909 sexies
1243 846 1367 926 quidem

149 948 182 1011 in
204 947 344 1012 iambicis
369 947 547 1028 septenariis
571 947 651 1012 circa
668 949 741 1023 382,
766 950 860 1013 semel
885 951 916 1012 in
933 952 1071 1013 uersibus
1087 951 1181 1015 trooh.
1197 953 1367 1024 octonariis,

151 1073 282 1136 quornm
311 1073 459 1118 numerus
489 1054 570 1135 apud
599 1058 721 1136 podiam
746 1056 867 1118 circiter
890 1057 931 1119 90
956 1061 1011 1121 cst,
1051 1057 1168 1120 Eadem
1191 1056 1252 1120 fore
1275 1058 1366 1120 huius

151 1162 353 1243 synaloephae
398 1159 571 1241 frequentia
617 1161 698 1241 apud
750 1161 896 1225 Plautum
943 1163 1138 1226 distribuitur
1182 1165 1215 1226 in
1260 1183 1366 1226 vorsus

149 1267 271 1331 circiter
296 1267 389 1330 1800.

255 1372 403 1435 illisiones
438 1374 469 1435 in
505 1373 566 1436 arsi
601 1372 692 1436 huius
727 1375 859 1437 trochaei
895 1375 1020 1454 positae,
1054 1376 1086 1437 in
1121 1376 1234 1455 quibus
1264 1377 1367 1439 minus

149 1478 365 1542 offendendum
388 1497 455 1542 esse
479 1497 539 1541 usu
555 1481 714 1559 poetamm
731 1480 962 1561 dactyliccrum,
980 1481 1031 1561 qui
1048 1481 1247 1544 metricarum
1264 1482 1366 1561 legum

149 1585 409 1649 observantissimi
440 1585 626 1666 synaloepha
656 1585 687 1648 in
717 1587 779 1648 arsi
811 1587 998 1659 hexametri,
1036 1587 1123 1649 cuius
1154 1588 1281 1650 ultimus
1313 1607 1366 1668 pes

149 1691 289 1754 trochaeo
318 1691 363 1753 illi
392 1690 567 1753 simillimus
597 1695 652 1765 est,
692 1695 829 1756 extrema
859 1711 917 1754 000
952 1692 1178 1765 abstinuerunt,
1213 1694 1366 1774 probatur,

149 1797 340 1878 reperiuntur
369 1797 582 1878 quadraginta,
614 1815 747 1877 quarum
771 1801 902 1878 quatuor
930 1802 1054 1861 tantum
1082 1799 1125 1861 sic
1149 1805 1306 1879 parantur,
1332 1805 1367 1862 ut

149 1903 244 1966 thesis
267 1923 397 1984 sequens
421 1906 586 1983 occupetur
608 1904 754 1967 vocabulo
778 1905 1002 1984 monosyllabo3
1035 1909 1108 1967 sunt
1131 1905 1213 1969 enirn
1239 1907 1295 1968 loci
1320 1905 1367 1968 hi:

149 2009 260 2073 Heaut.
291 2012 354 2073 700
392 2009 495 2072 ordine
534 2027 699 2072 omnem::
723 2011 802 2073 hem.
841 2010 919 2072 Eun
951 2012 1014 2073 290
1045 2011 1165 2090 publice
1197 2015 1244 2072 ost
1273 2030 1364 2073 nuno.

150 2117 213 2178 540
232 2114 439 2180 Chaeream:
463 2099 492 2180 ei
513 2095 564 2180 fei
617 2115 672 2179 Ad.
698 2116 761 2178 709
786 2115 904 2178 sinu'st.
929 2115 1009 2177 hem.
1367 2122 1370 2127 ’

255 2222 322 2286 Ηο0
352 2223 459 2286 eadem
489 2224 608 2287 ratione
633 2221 780 2284 Plautum
805 2221 939 2302 quinque
964 2221 1037 2284 locis
1061 2239 1148 2284 voces
1172 2220 1365 2283 imminuisse

148 2333 369 2401 commemorat
393 2329 442 2394 W.
464 2329 571 2411 Meyer
594 2329 624 2390 in
648 2329 706 2390 loci
727 2328 813 2390 citati
838 2346 875 2390 00
896 2330 992 2408 parte,
1023 2327 1076 2389 uhi
1111 2327 1148 2389 de
1179 2327 1366 2408 synaloepha-

148 2439 167 2496 a
189 2435 328 2498 Terentio
351 2436 382 2498 in
406 2454 534 2500 caesura
557 2435 693 2499 admissa
716 2433 789 2512 agit.
835 2431 894 2497 Sed
917 2434 992 2498 haec
1015 2434 1181 2497 hactonus!

253 2559 341 2622 Alius
379 2577 526 2623 versuum
559 2560 653 2631 locus,
686 2559 739 2639 qui
773 2558 888 2621 elisicni
926 2557 1052 2621 minime
1087 2557 1177 2630 favet,
1211 2561 1257 2640 est
1288 2558 1365 2635 arsis

148 2684 295 2730 uersuum
324 2666 548 2729 trochaicomm
582 2666 691 2751 prima,
721 2683 815 2745 quam
847 2664 971 2726 omnino
1001 2664 1204 2744 synaloephae
1243 2663 1366 2726 licentia

149 2791 259 2837 vacare
275 2772 461 2837 contendens
477 2770 623 2834 Kbtaius
638 2771 669 2834 in
686 2770 772 2833 libri:
789 2768 985 2864 ί00000000,νο
1001 2769 1228 2832 alt-'romische
1243 2757 1365 2833 Metrih'

149 2899 177 2960 p.
205 2881 245 2941 72
275 2878 422 2942 erravisse
451 2877 530 2940 mihi
558 2877 687 2940 videtur.
734 2876 873 2940 Primum
897 2876 979 2939 enim
1003 2894 1038 2938 ec
1061 2874 1203 2948 offendor,
1228 2875 1307 2955 quod
1331 2880 1367 2938 ut

150 2985 251 3048 valeat
272 2985 325 3048 illa
349 2984 511 3057 sententia,
544 2984 618 3047 locis
642 2985 722 3047 circa
747 2984 787 3045 50
812 2982 961 3045 vocabula
983 2981 1196 3062 monosyllaba
1220 2984 1364 3062 sequente

149 3090 269 3171 syllaba
298 3091 388 3170 longa
420 3090 539 3153 hiantia
568 3093 600 3152 et
631 3088 759 3171 syllaba,
790 3106 868 3169 quae
900 3089 1047 3168 sequitur,
1076 3091 1215 3168 correpta
1238 3086 1365 3166 legenda

150 3203 230 3260 sunt.
255 3195 357 3274 Quam
380 3197 610 3279 correptionem,
634 3196 659 3258 si
683 3213 770 3258 voces
793 3213 909 3256 monos
933 3196 969 3256 ut
990 3193 1054 3256 ictu
1079 3196 1230 3256 acuantur
1246 3196 1368 3256 senten-

149 3305 263 3366 tiamm
286 3303 403 3366 ratione
425 3303 608 3384 postulatur,
632 3320 684 3382 per
707 3319 739 3364 se
763 3319 822 3363 000
845 3300 987 3362 illicitum
1003 3318 1079 3362 num
1095 3303 1184 3380 pc'eta
1202 3300 1267 3362 siue
1283 3300 1365 3362 iusta

149 3426 244 3473 causa
259 3411 306 3472 tot
321 3409 395 3471 locis
410 3408 590 3490 praetulerit
605 3407 733 3480 elisium,
749 3405 837 3469 valde
854 3405 983 3469 dublum
999 3423 1067 3468 esso
1082 3410 1166 3487 puto.
1205 3405 1365 3468 Praeterea

150 3535 208 3578 non
233 3515 345 3578 desunt
367 3534 483 3588 vorsus,
507 3533 542 3577 ex
566 3513 678 3595 quibus
702 3513 854 3595 scriptura
878 3510 1017 3575 codicum
1041 3516 1162 3575 servata
1180 3507 1365 3593 synaloepha

149 3623 201 3684 illa
223 3621 372 3685 removeri
389 3639 514 3703 prorsus
531 3620 646 3701 nequit.
688 3618 790 3697 Quam
806 3617 1021 3681 difficultatem
1037 3618 1176 3681 chtzius
1192 3601 1365 3678 comestura

149 3728 253 3792 tollere
277 3730 405 3791 conatus
428 3731 475 3790 est
498 3726 529 3788 in
552 3744 598 3788 vv.
632 3724 724 3789 Andr.
741 3726 816 3788 922.
854 3724 978 3787 Phorm.
1003 3724 1076 3786 347.
1100 3723 1173 3786 483.
1197 3722 1270 3795 529,
1295 3739 1366 3783 cum

150 3835 271 3898 silentio
294 3833 491 3915 praeterierit.
515 3851 562 3894 vr.
597 3824 691 3894 Andr.
715 3832 789 3894 341.
818 3830 931 3894 Ηο000.
956 3830 1029 3893 328.
1060 3829 1182 3892 Ρο000.
1199 3827 1273 3890 468.
1291 3827 1366 3887 525.

151 3941 223 4004 544.
247 3940 323 4003 Ηο0.
340 3940 414 4002 276.
439 3938 498 4001 Ad.
516 3938 589 4000 503.
633 3937 702 4000 Μο0
726 3940 832 4000 autem
855 3935 1008 4000 sententia
1030 3934 1204 3999 auctoritas.
1220 3932 1367 3996 librorum

150 4064 303 4109 manuscr.
336 4045 434 4108 maior
462 4048 519 4118 est,
550 4061 645 4126 quam
677 4046 713 4106 ut
736 4043 782 4106 ad·
798 4043 897 4123 legem
921 4042 1078 4123 quandam
1100 4041 1239 4106 versibus
1262 4044 1368 4121 podiae

151 4152 275 4215 arbitrio
309 4151 366 4213 viri
401 4150 561 4214 cuiusdam
596 4149 674 4214 docti
705 4149 826 4213 illatam
861 4147 1097 4213 sustentandam
1132 4149 1225 4213 verba
1255 4145 1368 4211 tradita

151 4258 267 4322 mutari
289 4257 387 4321 liceat.
