3060 4718
522 1041 995 1138 THESES.

154 1422 180 1484 1.
203 1415 336 1481 Terentii
365 1414 487 1476 Phorm.
518 1432 544 1475 v.
569 1414 632 1475 415
666 1432 753 1476 voces
783 1413 888 1507 ‘habes
912 1396 1085 1493 imperium'
1111 1410 1367 1474 transmutandas

285 1539 351 1584 esse
367 1523 448 1601 puto,
471 1519 516 1582 ita
536 1522 571 1582 ut
587 1537 694 1582 versus
711 1523 812 1582 sonet:
838 1518 947 1614 tconte.)
966 1517 998 1581 ds
1014 1516 1096 1580 ieron
1113 1517 1185 1598 quia
1200 1516 1369 1598 imperium

287 1627 383 1690 habes
407 1626 438 1689 in
462 1611 588 1689 beluas'.

151 1756 184 1816 2.
208 1750 306 1814 Taciti
330 1768 401 1813 ann.
426 1749 464 1811 Il.
491 1751 592 1831 oap.2
616 1749 648 1811 in
671 1749 688 1831 ξ
707 1751 734 1813 6.
762 1749 821 1832 (ed.
838 1749 949 1831 Ritter)
974 1751 1046 1812 ante
1069 1766 1174 1811 rocem
1198 1733 1369 1842 (vilissima'

285 1855 482 1919 inserendum
505 1873 572 1918 esse
596 1855 671 1917 mihi
693 1855 813 1918 videtur
837 1840 914 1951 trel'.
1128 1844 1138 1861 ⁹

149 1984 182 2046 3.
207 1981 241 2043 ln
272 1979 427 2061 Euripidis
459 1978 587 2042 Madv.
615 1979 676 2040 143
701 1978 840 2041 codicum
868 1979 1053 2059 scripturam
1083 1975 1369 2061 νεαραῧαλποηένα

288 2083 511 2148 defendendam
542 2087 573 2147 et
596 2083 709 2146 Nauldi
736 2084 943 2147 coniecturam
968 2079 1237 2168 aequauerat
1259 2083 1372 2164 impro-

290 2189 424 2253 bandam
448 2208 515 2253 esse
538 2189 646 2252 iudico.

151 2319 182 2379 4.
207 2313 363 2396 Sophoclis
395 2312 469 2377 Oed.
493 2311 561 2393 Tyr.
592 2314 623 2375 in
652 2332 678 2376 v.
712 2314 795 2375 1025
826 2333 878 2394 pro
908 2312 1047 2376 codicum
1081 2314 1240 2394 scriptura,
1272 2303 1372 2375 τεκών

286 2420 417 2483 Bothius
440 2419 554 2500 optime
579 2419 743 2498 legendum
767 2419 907 2500 proponit
929 2409 1037 2496 τυχών.
1451 2404 1455 2413 ’

156 2547 183 2609 5.
207 2544 326 2608 Nomen
350 2543 555 2624 municipium
579 2542 735 2606 derivatur
758 2562 776 2606 a
799 2561 926 2606 munere
951 2543 1112 2624 capiendo;
1145 2542 1265 2606 Gellius
1289 2546 1371 2607 errat

286 2650 472 2712 contendens
488 2648 569 2721 XVI,
596 2649 636 2710 13
661 2649 734 2712 illud
760 2668 871 2713 nomen
896 2648 1097 2712 derivandum
1120 2667 1187 2712 osse
1210 2668 1371 2713 amunero

287 2755 480 2836 capessendo.

150 2881 182 2943 6.
207 2879 241 2940 In
277 2882 383 2959 poetae
422 2878 486 2972 tder
520 2896 578 2940 von
612 2867 801 2944 Kurenberc'
841 2881 987 2943 carminis
1024 2880 1038 2941 l
1074 2880 1134 2962 (ed.
1172 2877 1202 2943 O.
1238 2877 1372 2943 Bartsch

292 2984 447 3081 ‘deutsche
477 2982 704 3049 Liederdichter
740 2987 792 3050 des
825 2989 874 3049 12.
907 2987 952 3050 bis
984 2987 1033 3049 14.
1062 2973 1315 3068 Jahrhunderts’)
1344 3006 1372 3048 v,

287 3089 336 3153 48.
359 3089 549 3152 Lachmanni
579 3092 787 3155 coniecturam
820 3078 918 3188 ‘loide'
949 3092 1133 3156 reiciendam
1160 3095 1191 3155 et
1214 3091 1325 3155 codicis
1349 3090 1373 3154 C

290 3194 474 3276 scripturam
499 3182 571 3290 ‘leit'
597 3198 779 3261 servandam
803 3217 869 3262 esse
892 3198 1048 3262 contendo.
