3060 4718
743 237 784 297 27

260 448 309 511 66,
335 445 460 509 Codices
484 443 642 510 exhibent:
669 447 737 509 actia
760 448 907 510 eximium
930 451 961 510 et·
984 447 1038 509 hos
1062 450 1186 510 secutus
1211 466 1290 510 sum.

261 553 332 617 163.
356 551 414 614 Hic
437 570 544 615 versus
568 551 697 615 fortasse
721 571 782 615 non
805 551 959 632 genuinus
984 556 1041 615 est.

260 677 333 740 206.
356 675 459 738 acacio
481 676 544 752 aaa·
577 694 682 738 vocem
705 677 808 738 laese-io
831 675 870 738 ad
894 695 1016 740 versum
1039 696 1055 740 e
1078 676 1160 739 vitio
1175 677 1370 740 laborantem

153 782 328 847 sanandum
367 781 485 845 addidit
524 781 584 855 Fl.;
619 782 697 844 banc
727 782 822 860 igitur
852 783 1072 864 synaloepham
1104 786 1211 864 poetae
1241 783 1376 846 attribui·

153 890 318 953 nonlicet.

261 1013 332 1076 637.
357 971 490 1074 tabulatu
515 1011 556 1074 sa
572 1011 667 1074 edidit
682 1011 736 1076 Dz.
754 1011 818 1074 sine
834 1011 917 1074 iusta
935 1030 1029 1075 causa
1054 1011 1193 1074 codicunr
1219 1011 1371 1093 scriptura

152 1123 207 1182 trec
231 1119 288 1182 siet
310 1119 457 1198 neglecta.

260 1225 331 1288 654.
357 1223 415 1286 Pro
446 1223 574 1287 lectione
603 1223 689 1286 codd.
722 1223 837 1285 tradita
866 1223 983 1285 ceddae
1007 1223 1128 1305 scripsit
1151 1223 1204 1287 Dz.
1228 1223 1371 1286 residuae.

260 1349 333 1410 688.
358 1366 464 1411 versus
488 1347 537 1409 hic
560 1350 592 1410 et
615 1347 679 1410 690
703 1347 842 1410 Bentleio
872 1347 1005 1428 suspecti
1030 1366 1048 1409 a
1072 1349 1180 1411 ceteris
1205 1347 1382 1411 editoribus.

152 1456 218 1518 iure
241 1454 329 1517 uncis
353 1453 465 1516 inclusi
489 1459 570 1515 sunt.

260 1561 324 1622 698
349 1559 386 1623 cf.
411 1560 485 1623 654.

259 1666 314 1731 Ad.
340 1667 391 1729 29.
422 1669 513 1746 utque
535 1664 578 1729 ibi
600 1665 643 1728 sic
668 1667 740 1746 Du.;
775 1664 894 1728 codices
924 1669 954 1728 et
982 1683 1087 1728 omnes
1118 1665 1249 1728 editores
1279 1666 1379 1728 ceteri·

155 1771 297 1835 exhibent
333 1775 390 1835 cat
416 1770 467 1836 ihi.
524 1771 587 1835 Vox
617 1775 681 1846 cat,
716 1789 788 1834 cum
819 1772 1044 1834 sententiarum
1074 1772 1183 1834 rationi
1213 1774 1372 1852 repugnet,

155 1878 275 1940 tolerari
315 1879 435 1959 nequit;
472 1879 536 1942 sine
566 1879 658 1942 dubio
695 1877 890 1940 scribendum
920 1881 967 1940 est
1005 1881 1060 1940 aut
1089 1897 1161 1940 cunr
1192 1876 1382 1941 Daiatzcoue·

155 1987 245 2063 alque
267 1983 309 2048 ibi
332 1988 387 2048 aut
409 1985 537 2049 fortasse
561 1989 588 2047 et
609 1983 660 2048 aba

261 2109 312 2170 34.
336 2108 396 2172 Hic
420 2127 524 2172 versus
548 2109 633 2172 deest
655 2109 688 2170 in
712 2108 813 2171 codice
836 2111 871 2170 A.

261 2232 312 2294 38.
336 2231 532 2295 dilectione
563 2233 703 2295 codicum
736 2232 827 2295 huius
852 2250 958 2295 uersus
982 2236 1013 2294 et
1036 2251 1063 2295 v.
1087 2232 1262 2312 praeeuntis
1285 2232 1372 2294 varia

154 2337 324 2418 scripturae
348 2357 367 2400 a
390 2337 502 2400 criticis
526 2339 695 2419 propositae
718 2336 808 2402 valde
832 2338 970 2401 intense
994 2337 1175 2419 discrepant.

262 2462 334 2524 749.
361 2460 537 2524 Secundum
561 2462 625 2524 cod.
650 2466 676 2523 A
700 2461 749 2524 hic
773 2480 879 2524 versus
902 2466 991 2524 sonat
1015 2462 1076 2524 sic:
1106 2463 1152 2524 itu
1175 2461 1222 2523 me
1243 2461 1277 2524 di
1299 2460 1382 2524 bene

153 2570 258 2630 emerat
279 2568 314 2628 rit
333 2567 419 2630 video
442 2571 527 2630 lucan
550 2587 601 2647 epo
623 2565 794 2646 ineptiam
817 2568 850 2629 in
874 2567 958 2631 codd.
983 2565 1142 2630 BCEFP
1162 2568 1308 2648 scripturn
1325 2567 1374 2629 in-

155 2674 313 2735 venimus:
344 2674 389 2736 itu
421 2693 469 2735 nte
492 2673 526 2736 di
549 2677 661 2750 emeat,
692 2677 727 2735 at
748 2673 833 2736 acteo
856 2677 943 2736 launa
966 2693 1017 2753 epo
1042 2673 1197 2752 ineptiam.
1246 2673 1314 2737 Sed.
1339 2671 1372 2736 O.

154 2779 282 2841 Reinius
297 2780 330 2840 in
346 2780 612 2850 commentatione,
629 2798 690 2860 qua
707 2779 743 2841 de
760 2779 976 2859 pronominum
993 2779 1074 2860 apud
1095 2779 1161 2854 Ter.
1174 2778 1380 2842 collocatione

155 2885 228 2964 agit,
265 2888 429 2965 utramque
462 2884 646 2966 scripturam
678 2890 799 2966 propter
835 2886 1049 2966 pronominum
1081 2885 1309 2948 collocationem
1338 2887 1372 2947 in

155 2990 360 3072 suspicionem
393 2996 488 3054 vocat.
512 2991 567 3053 Dz.
592 2994 717 3054 secutus
740 2995 788 3054 est
810 2991 896 3054 codd.
920 2989 993 3064 Da,
1024 2992 1076 3054 uhi
1100 2992 1227 3071 legitur:
1257 2992 1302 3053 ita
1325 3011 1372 3053 nac

156 3096 189 3158 di
211 3100 325 3174 uacent,
348 3100 384 3158 ut
404 3096 490 3160 uideo
513 3117 564 3177 epo
587 3100 673 3160 tucca
694 3099 854 3175 iacptiem,
880 3097 932 3160 sed
957 3098 1014 3160 hoc
1033 3097 1123 3160 modo
1139 3115 1303 3178 pronomen
1320 3116 1372 3177 epo

155 3201 293 3265 iambum
319 3222 451 3284 aequare
473 3222 549 3285 opus
573 3207 629 3280 est,
659 3203 690 3265 id
714 3203 794 3283 quod
818 3222 878 3266 usu
900 3203 1083 3266 Terentiano
1107 3204 1196 3284 plane
1219 3204 1371 3266 abhorret.

156 3307 200 3369 Ex
224 3308 280 3379 his,
304 3328 381 3389 quae
405 3310 495 3372 attuli
521 3309 596 3372 satis
620 3310 701 3372 clare
726 3311 834 3383 clucet,
859 3310 1062 3390 synaloephas
1087 3309 1179 3372 huius
1204 3328 1311 3372 versus
1335 3313 1376 3371 ut

155 3414 375 3476 incertissimas
399 3414 605 3494 neglegendas
629 3433 705 3478 esse.

262 3538 336 3600 alo.
361 3541 492 3600 ceteram
514 3557 583 3618 epm
610 3555 682 3600 cum
711 3557 767 3600 vox
796 3558 848 3618 epo
877 3557 937 3601 om.
967 3539 998 3601 in
1021 3538 1105 3601 codd.
1130 3536 1379 3612 nouandi).

155 3644 233 3706 hanc
258 3643 415 3708 elisionem
438 3644 588 3706 incertam
611 3644 643 3706 in
668 3644 758 3706 dubio
782 3644 901 3725 reliqui.

530 3819 565 3888 Β.
597 3819 627 3888 in
653 3819 749 3888 iamb.
774 3820 996 3904 septenariis:

129 3972 134 3979 '
260 3963 353 4026 Andr.
386 3964 458 4028 686.
488 3963 524 4026 ln
556 3963 613 4028 hoc
637 3981 726 4025 versu
756 3962 967 4025 constituendo
997 3964 1049 4026 alii
1081 3964 1178 4026 alium
1208 3964 1370 4026 verborum

153 4066 292 4131 ordinem
315 4070 473 4149 praebent,
504 4087 577 4132 curn
607 4073 661 4131 aut
693 4069 793 4131 versui
816 4087 977 4131 caesuram
1001 4087 1108 4150 parare
1132 4069 1293 4132 studerent
1316 4075 1373 4133 aut

153 4173 184 4234 in
207 4172 336 4236 lectione
360 4175 425 4237 libr.
450 4192 606 4237 manuscr.
637 4174 751 4238 tradita
782 4175 855 4237 hac:
886 4195 932 4236 ern
956 4172 1118 4254 Peteapbile
1148 4178 1265 4254 optume
1295 4174 1379 4239 aaut·

155 4281 182 4340 te
216 4278 307 4356 offers
341 4299 400 4342 non
436 4280 628 4342 haerendum
663 4299 729 4343 esse
764 4283 917 4361 putarent.
974 4281 1127 4343 Krausius
1162 4282 1197 4344 R.
1228 4281 1268 4346 M.
1296 4280 1374 4343 Vlll·
