3060 4718
702 265 743 326 37

218 477 263 540 Er
300 478 527 561 comparatione
574 495 772 540 numerorum
810 475 916 539 tabula
954 478 1133 539 constructa
1170 476 1329 541 illustrata

103 584 291 647 qParentium
325 584 446 647 cautius
481 584 579 662 egisse
614 584 646 646 iu
684 580 833 646 elidendis
868 582 995 664 syllabis
1029 582 1127 662 longis
1155 587 1186 645 et
1214 585 1245 646 in
1277 571 1331 680 ‘m'

103 690 294 755 excuntibus
317 694 348 756 et
369 690 403 753 in
418 689 574 753 vocabulis
597 689 816 770 monosyllabis
840 706 935 770 quam
957 688 990 751 in
1013 689 1154 753 brevibus
1170 690 1328 753 vocalibus

102 798 194 861 -cla-re
223 796 417 878 dilucideque
448 799 584 878 apparet.
631 794 718 874 Quod
749 798 855 859 autem
878 794 1040 859 Terentius
1070 796 1191 860 vocales
1222 796 1329 877 longas

112 921 269 985 nusquam
300 904 332 967 iu
356 902 427 966 sede
451 903 529 966 arsis
555 903 603 966 vel
626 903 722 966 thesis
746 903 843 966 altera
867 902 1069 984 synaloephae
1093 903 1231 976 subiecit,
1256 922 1328 967 cum

107 1011 281 1073 Bomerum
310 1010 328 1074 l.
359 1028 384 1073 c.
417 1009 491 1072 Hec.
523 1010 584 1072 331
618 1009 679 1072 sic:
714 1007 867 1105 (9991999999
889 994 946 1071 ard
973 1007 1150 1072 dimensum
1179 1011 1328 1073 erravisse

108 1117 194 1180 infra
217 1116 362 1180 deuturus
387 1116 456 1189 sim,
486 1115 523 1179 dc
547 1115 753 1196 synaloephae
774 1115 891 1178 ratione
915 1114 990 1177 nihil
1013 1116 1167 1197 probatur,
1190 1120 1226 1179 ut
1249 1116 1328 1179 infra

105 1222 284 1300 ostendam,
300 1241 398 1305 neque
413 1240 450 1284 ex
465 1221 598 1296 sedibus,
617 1222 671 1284 ubi
687 1222 805 1284 vocales
822 1221 930 1301 longae
947 1221 1029 1284 brevi
1045 1222 1163 1302 syllaba
1181 1227 1328 1303 sequente

103 1330 349 1402 imminuuntur,
378 1328 548 1409 quidquam
578 1327 717 1390 concludi
747 1329 855 1408 potest
902 1326 938 1390 ln
961 1328 1116 1391 vocalibus
1140 1328 1328 1413 ancipitibus

102 1435 143 1516 qi.
168 1455 191 1501 9.
215 1436 247 1498 19
270 1436 394 1501 vocibus
417 1433 573 1515 iambicis)
604 1437 683 1496 tam¹
701 1451 791 1515 saepe
822 1437 893 1498 ante
926 1434 993 1515 syll.
1027 1434 1150 1520 brevem
1182 1435 1328 1517 correptis

106 1542 240 1604 minime
256 1541 444 1606 haerendum
460 1559 527 1604 esse
543 1557 771 1620 cognoscemus,
788 1540 812 1603 si
829 1539 1089 1604 consideravimus
1107 1545 1139 1604 91
1150 1538 1328 1605 Terentium

105 1651 145 1709 et
168 1665 275 1711 omnes
297 1649 360 1712 fere
383 1651 490 1729 poetas
514 1647 670 1709 scaenicos
693 1645 839 1709 sermonis
856 1647 964 1710 usitati
979 1650 1090 1710 natura
1107 1648 1195 1729 quasi
1211 1651 1329 1712 coactos

108 1771 199 1816 «voces
223 1754 371 1817 iambicas
395 1771 491 1835 aeque
522 1752 584 1817 fere
607 1770 679 1815 cum
703 1753 826 1816 licentia
849 1751 1026 1817 adhibuisse
1049 1772 1086 1816 ao
1108 1755 1327 1835 pyrrhichioas,

108 1877 191 1940 quae
213 1860 252 1922 113
268 1861 409 1942 exceptis,
434 1877 512 1942 quae
528 1860 588 1923 litt.
613 1845 666 1955 trn'
690 1859 850 1933 finiuntur,
874 1859 996 1940 saepius
1021 1860 1103 1923 brevi
1127 1861 1246 1941 syllaba
1263 1880 1327 1942 seq.

103 1983 207 2046 quam
231 1966 322 2046 longa
345 1984 363 2028 a
385 1965 526 2030 Terentio
549 1965 641 2030 elisae
665 1969 738 2028 sunt

740 2013 746 2026 t

781 2058 794 2068 ι

587 2195 713 2296 cap.
741 2194 848 2270 111.

430 2353 752 2451 Quaestiones
781 2353 1006 2433 selectae.

216 2519 321 2596 deque
345 2519 437 2596 atque
467 2515 552 2578 elisio
575 2516 686 2579 vocalis
709 2517 818 2596 longae
848 2534 910 2596 seq.
935 2515 1053 2595 syllaba
1085 2517 1224 2596 correpta
1248 2515 1328 2578 vitu·

101 2622 244 2704 'peranda
267 2625 315 2685 est
330 2622 516 2705 synaloepha
532 2640 637 2685 eorum
653 2623 879 2694 vocabulorum,
904 2640 1034 2703 quorum
1059 2621 1179 2702 syllaba
1202 2622 1328 2703 paenul-

101 2729 188 2790 tima
204 2746 220 2791 e
236 2728 334 2791 vocali
358 2731 487 2791 constat.
524 2725 603 2791 Cum
627 2728 752 2807 longum
770 2728 820 2804 sit,
844 2739 949 2791 omnes
965 2728 1045 2791 locos
1062 2728 1122 2790 huc
1138 2729 1326 2809 pertinentes

100 2852 298 2907 enumerare,
323 2833 457 2896 sufficiat
480 2851 729 2905 commemorare,
752 2852 831 2916 quae
856 2835 897 2896 sit
919 2833 1091 2915 frequentia
1116 2835 1323 2915 synaloephae

110 2939 286 3004 huiusmodi
317 2939 479 3002 verbomm
503 2939 534 3001 in
559 2940 688 3022 singulis
713 2941 858 3004 numeris.
906 2939 954 3002 Ex
978 2941 1062 3003 1047
1086 2939 1147 3003 fere
1171 2940 1326 3021 exemplis,

105 3047 162 3109 ubi
197 3046 357 3126 syllabam,
393 3046 443 3109 cui
476 3045 630 3109 antecedit
664 3046 723 3108 alia
753 3046 880 3121 vocalis,
918 3046 1106 3127 synaloepha
1137 3065 1155 3108 a
1184 3046 1326 3110 Terentio

102 3151 252 3215 vaffectam
276 3152 461 3225 invenimus,
494 3156 616 3216 exstant
646 3152 710 3214 460
740 3151 771 3214 19
801 3153 895 3216 iamb.
919 3152 1054 3225 senariis,
1087 3153 1149 3214 317
1173 3153 1203 3213 in
1229 3152 1324 3215 troch.

111 3259 299 3337 septenariis,
334 3259 396 3320 165
425 3259 456 3320 in
484 3258 586 3322 iamb.v
609 3258 782 3330 octonariis,
814 3259 853 3321 78
883 3258 914 3321 in
944 3259 1036 3322 iamb.
1070 3262 1196 3340 septen,
1228 3260 1268 3320 25
1295 3259 1325 3320 in

105 3363 205 3425 troch.
229 3369 336 3436 ccton,
360 3364 483 3442 singula
506 3365 537 3427 in
561 3369 701 3445 quatern.
724 3364 818 3428 iamb.
843 3369 874 3427 et
896 3365 1001 3439 troch,
1031 3383 1161 3453 qnorum
1185 3366 1325 3428 omnium

101 3469 171 3532 >arsi
195 3469 315 3532 circiter
339 3470 413 3546 693,
437 3470 596 3534 11931354
620 3469 817 3534 attribuenda
841 3475 923 3535 sunt.
963 3469 1023 3535 Sed
1048 3457 1127 3552 qnod
1152 3470 1325 3550 frequentia

104 3574 286 3639 huiusmodi
309 3576 511 3657 synaloephae
528 3576 608 3658 apud
624 3576 691 3639 Ter.
715 3579 804 3640 tanta
827 3581 883 3652 est,
906 3581 1014 3659 poetae
1039 3577 1110 3640 vitio
1126 3575 1325 3640 tribuendum

104 3701 168 3745 non
192 3700 259 3745 esse
282 3681 413 3757 videtur,
443 3699 517 3744 cnm
545 3700 647 3755 voces,
679 3683 785 3764 quales
817 3687 891 3746 sunt
922 3669 1045 3778 ‘omnia'
1076 3683 1262 3763 similesque,
1291 3683 1325 3744 in

106 3789 248 3851 uersibus
277 3788 370 3851 iamb.
405 3791 436 3852 et
463 3788 559 3850 trooh.
591 3787 687 3868 primo
719 3789 794 3871 pede
825 3797 948 3870 excepto
977 3789 1118 3870 usurpari
1151 3807 1211 3851 non
1234 3787 1324 3851 facile

108 3895 213 3957 liceret
235 3895 295 3957 uisi
318 3894 435 3958 elisioni
460 3893 621 3957 subiectas.
663 3894 730 3958 Hae
755 3895 958 3977 synaloephae
981 3894 1166 3958 durissimae
1190 3898 1273 3967 sunt,
1299 3893 1325 3956 si

103 4000 221 4063 uocalis
249 4001 442 4082 paenultima
472 4005 518 4064 est
546 3999 646 4081 longa.
699 3999 766 4063 Nisi
794 4001 883 4064 fallor
912 4020 1030 4064 unum
1058 4005 1214 4065 tautum
1245 4000 1325 4064 tale

101 4106 328 4186 exemplum
365 4107 519 4170 nomine
555 4106 713 4188 proprio
745 4110 981 4170 excusatum
1010 4108 1121 4188 legitur
1149 4107 1228 4171 Eun.
1260 4107 1325 4170 290

100 4208 233 4302 “Piraeo
262 4199 391 4275 9199911.
451 4211 594 4276 Ceterum
625 4212 677 4274 illa
709 4212 894 4294 synaloepha
924 4213 1050 4276 minoris
1079 4213 1174 4278 fuisse
1205 4214 1325 4276 videtur

99 4315 283 4380 offensionis
307 4317 338 4380 in
362 4319 472 4381 senarii
494 4317 570 4400 pede
595 4322 703 4398 quarto
728 4322 758 4382 et
782 4317 924 4393 secundo,
957 4323 1079 4382 exstant
1110 4320 1248 4383 enimin
1272 4320 1324 4384 illo
