3060 4718
742 236 782 296 22

150 445 403 508 consuetudinem
441 444 568 509 ltuiasee
605 444 748 525 hospitae.
814 446 899 525 Quae
938 467 1008 511 cum
1044 449 1088 511 ita
1123 449 1194 522 sint,
1230 451 1379 513 elisiones·-

150 551 277 614 luoinsce
300 550 437 630 hospitae
460 555 490 614 et
513 552 763 615 eonasaetadt'nem
785 552 911 616 laudasne
934 558 970 616 nt
992 554 1101 618 dubias
1125 555 1250 635 neglexi

257 676 330 737 525.
354 678 445 754 atquae
467 674 553 739 leand
587 676 746 739 exhibetur
780 677 950 749 codicibus;
984 678 1034 742 Da.
1059 681 1089 741 et
1114 678 1155 742 ll.
1189 698 1242 761 pro
1277 684 1381 760 amac-

151 781 210 860 legi
245 781 353 843 volunt
386 783 483 861 atqui.
541 780 694 863 Equidem
741 792 864 846 secutus
908 802 978 846 sum
1022 784 1181 848 lectionem
1216 786 1369 849 codicibus

150 887 308 961 traditam,
332 906 404 950 cum
428 887 506 950 illud
523 892 615 968 atque
631 887 810 970 Spengelius
837 889 981 953 defendat
1009 891 1204 955 annotatione
1221 892 1259 954 ad
1275 893 1369 955 huius

150 993 273 1055 fabulae
303 1011 329 1054 v.
354 995 417 1055 225
441 995 517 1056 hac:
552 996 644 1074 atquc
678 1022 720 1046 =
754 992 823 1057 aad
845 993 926 1058 decb.
976 995 1038 1059 Der
1073 995 1234 1060 (lebranch
1269 999 1381 1062 dieser

151 1099 284 1162 Partikel
307 1099 347 1161 ist
371 1099 502 1163 beiden
527 1099 699 1173 Gomilrern,
723 1119 793 1163 num
811 1101 876 1163 Tell
901 1102 978 1164 noch
1004 1101 1052 1164 bei
1068 1100 1181 1175 Cicero,
1206 1104 1274 1167 weit
1297 1123 1379 1167 aus--

151 1205 317 1284 gedehnter
340 1206 385 1268 als
409 1207 440 1268 iu
466 1209 602 1287 sptterer
625 1206 702 1271 Zeit.
749 1206 788 1270 So
811 1207 884 1269 wind
909 1208 952 1271 sle
976 1197 998 1272 a.
1016 1208 1051 1272 B.
1068 1208 1173 1289 htufig
1189 1211 1381 1285 verivendet.

152 1330 194 1373 uo
218 1311 272 1375 der
295 1311 485 1392 Sprechende
509 1312 606 1375 durch
630 1313 716 1376 einen
741 1313 866 1393 eigenen
890 1314 1070 1394 plttzlichen
1087 1313 1255 1378 Godankeu
1279 1318 1369 1380 bber-

150 1418 256 1481 rascht
294 1418 385 1488 wird,
434 1419 488 1481 wie
526 1421 617 1498 atque
654 1439 756 1482 eccam
792 1419 878 1483 uideo
916 1420 1126 1484 abwechselnd
1166 1414 1227 1484 und
1267 1423 1377 1502 gleich.

153 1523 321 1587 bedeutend
347 1524 405 1587 mit
428 1523 483 1586 sed
505 1545 605 1588 eneam
627 1525 721 1589 osideo.
756 1537 757 1540 ’

257 1631 330 1694 532.
355 1631 457 1709 ipsam
479 1629 609 1704 obviam
633 1632 708 1694 haec
731 1631 815 1694 elisio
840 1631 926 1693 valde
947 1631 1041 1694 dubia
1069 1636 1130 1707 est;
1154 1635 1184 1695 in
1214 1634 1381 1698 codicibus.

152 1737 234 1799 enim
265 1737 333 1799 aliis
363 1738 453 1801 aliter
482 1737 631 1818 scriptum
662 1738 852 1811 invenimus3
883 1738 991 1818 opt-imi
1019 1721 1096 1801 Ter.=
1118 1739 1186 1802 libri
1210 1741 1377 1804 exhibent:

151 1845 253 1921 ipsane
291 1841 416 1920 asenam,
455 1844 520 1907 rell.
559 1848 629 1906 aut:
667 1844 771 1922 msam
807 1842 924 1907 obviant
967 1842 1124 1907 Cleomene
1165 1850 1235 1909 ant:
1266 1848 1381 1925 aplanen·-

157 1946 237 2012 Obre
316 2001 321 2013 .

260 2056 331 2120 ³348.
358 2055 458 2117 Huius
489 2073 594 2118 versus
626 2055 715 2117 lectio
738 2073 756 2117 a
780 2055 961 2118 Dziatzcone
985 2057 1137 2138 proposita
1160 2059 1235 2120 mihi
1259 2059 1381 2139 impro-

154 2163 252 2235 batur,
276 2180 348 2224 cum
372 2179 535 2242 pronomen
559 2179 611 2241 epo
634 2180 693 2223 norr
717 2164 786 2249 apte
810 2161 839 2224 h.
864 2161 881 2224 l.
905 2161 969 2224 ictu
993 2161 1091 2228 efferri
1115 2162 1189 2225 mihi
1213 2163 1367 2236 videatur;

153 2287 246 2348 quam
285 2268 322 2329 ob
357 2285 422 2329 rem
461 2269 576 2330 ceteros
615 2266 752 2340 editores,
792 2267 843 2347 qui
882 2268 1066 2348 scripturam
1089 2268 1230 2331 codicum
1253 2287 1269 2331 e
1293 2269 1378 2333 vitio·

151 2375 344 2437 laborantem
379 2374 437 2436 hac
472 2373 689 2436 vocabulorum
723 2373 933 2436 collocatione:
978 2375 1101 2454 alciata
1130 2375 1165 2438 td
1194 2395 1245 2439 oro
1274 2380 1301 2439 te
1335 2377 1382 2438 tre

153 2499 308 2544 eorrernnne
330 2482 365 2541 nt
386 2477 531 2542 emaculas
554 2483 748 2551 sanaverunt,
773 2483 897 2542 secutus
922 2499 1001 2543 sum.

261 2587 332 2648 717.
356 2584 402 2646 Ex
428 2584 575 2647 librorum
604 2585 756 2666 scriptura
784 2585 833 2648 hic
863 2603 968 2648 versus
999 2591 1089 2648 sonat
1119 2587 1177 2648 sic:
1217 2606 1382 2648 sarmatum-

152 2691 262 2754 bonnm
286 2710 352 2754 esse
375 2711 447 2753 erne
461 2692 575 2770 poectum
597 2689 679 2753 buno
702 2689 915 2769 Poppaeam
950 2709 1045 2772 quam
1069 2691 1238 2765 lectionem,
1262 2710 1372 2772 quarn-

153 2817 247 2878 qnam
272 2798 392 2860 numeri
418 2798 493 2860 bene
516 2796 692 2877 procedunt,
716 2797 935 2876 Brugmannus
960 2796 992 2859 in
1016 2796 1282 2874 commentatione,
1306 2817 1368 2878 qua

153 2922 246 2984 quem
280 2903 318 2966 ad
354 2902 481 2965 modum
515 2903 548 2964 in
582 2902 713 2965 iambico
748 2903 866 2965 senario
894 2903 1026 2965 Romani
1056 2906 1173 2966 veteres
1209 2902 1380 2966 verborum

153 3015 299 3074 accentus
329 3027 401 3072 cum
432 3009 568 3071 numeris
598 3009 847 3083 emandaverint,
874 3009 1041 3089 inquisivit,
1067 3028 1126 3071 uon
1149 3027 1257 3072 vacare
1280 3008 1384 3072 offen·

154 3117 237 3180 sione
265 3115 400 3178 ostendit
431 3115 551 3187 docens,
582 3115 838 3178 consociationem
867 3114 1028 3178 verborum
1057 3119 1202 3178 accentus
1237 3121 1269 3177 et
1291 3116 1384 3178 ictus-

153 3222 319 3304 rbythmici
349 3222 383 3284 in
412 3222 501 3284 tertio
533 3222 723 3283 senariorum
751 3221 827 3301 pede
851 3238 974 3301 prorsus
998 3221 1205 3284 necessariam
1229 3240 1304 3295 esse,
1328 3221 1373 3283 ita

152 3332 188 3391 nt
210 3329 293 3391 huuc
315 3328 417 3391 locum
440 3327 564 3390 vocibus
588 3326 727 3390 iambicis
751 3327 891 3407 occupari
916 3345 975 3388 non
999 3326 1107 3400 licent3
1132 3345 1193 3407 qua
1216 3326 1253 3390 de
1278 3345 1372 3389 cansa

154 3434 319 3515 legendum
349 3434 502 3515 proponit:
534 3485 540 3498 .
566 3482 572 3495 .
597 3454 669 3496 erue
698 3432 782 3495 lianc
803 3433 916 3512 patara
940 3430 1144 3511 Pamphilum.
1180 3432 1372 3514 Syualoepha

153 3541 247 3620 igitur
263 3541 376 3619 paetum
398 3539 481 3602 lerino
504 3544 551 3602 est
573 3539 700 3602 incerta.

261 3647 332 3709 718.
356 3648 492 3709 nauteam
519 3649 694 3709 amatorem.
740 3644 931 3707 Vocabulum
953 3647 1122 3708 antntomra
1145 3644 1382 3707 sententiarum:

153 3753 264 3815 rationi
288 3753 415 3816 minime
440 3755 549 3833 aptum
572 3752 708 3823 videtum
734 3751 851 3814 accedit
875 3749 955 3831 quod
978 3750 1108 3813 ultimae
1132 3749 1270 3812 eiusdem
1287 3750 1370 3811 vocis

154 3858 290 3939 syllabae
314 3877 374 3922 non
401 3859 475 3922 bene
499 3859 579 3920 ictus
595 3857 757 3938 impositus
773 3859 829 3919 cst.
862 3855 1002 3919 Fortasse
1026 3875 1098 3918 cum
1116 3855 1254 3918 Bentleio
1270 3855 1383 3935 legen*

153 3965 229 4028 dum
248 3969 293 4028 est
318 3983 370 4046 pro
395 3964 536 4028 codicum
561 3964 712 4044 scriptura
734 3965 917 4025 amatorem:
940 3966 1075 4024 tutorem.

262 4071 335 4133 868.
360 4074 569 4149 sarracena
599 4070 653 4132 alii
685 4068 802 4131 codices
833 4071 918 4130 aaa
941 4088 1027 4146 opere
1062 4068 1093 4129 in
1129 4066 1189 4130 duo
1225 4067 1382 4130 vocabula

155 4177 348 4252 distractum,
385 4176 437 4239 alii
460 4177 494 4238 in
516 4195 616 4238 unum
640 4177 832 4238 contractum
856 4177 1013 4252 tautnprore
1036 4174 1187 4239 exhibent.
1229 4173 1308 4237 Utra
1333 4173 1386 4236 sit!

153 4287 259 4364 poetae
282 4282 433 4364 scriptura
454 4281 589 4345 discerni
612 4300 672 4345 non
695 4284 804 4362 potest.
