<?xml version="1.0" encoding="UTF-8"?>
<!DOCTYPE html PUBLIC "-//W3C//DTD XHTML 1.0 Transitional//EN"
    "http://www.w3.org/TR/xhtml1/DTD/xhtml1-transitional.dtd">
<html xmlns="http://www.w3.org/1999/xhtml" xml:lang="en" lang="en">
 <head>
  <title>
</title>
<meta http-equiv="Content-Type" content="text/html;charset=utf-8" />
  <meta name='ocr-system' content='tesseract 3.04.00' />
  <meta name='ocr-capabilities' content='ocr_page ocr_carea ocr_par ocr_line ocrx_word'/>
</head>
<body>
  <div class='ocr_page' id='page_1' title='image "./quaestionesmetr00mlgoog_0052.png"; bbox 0 0 3060 4718; ppageno 0'>
   <div class='ocr_carea' id='block_1_1' title="bbox 746 235 787 298">
    <p class='ocr_par' dir='ltr' id='par_1_1' title="bbox 746 235 787 298">
     <span class='ocr_line' id='line_1_1' title="bbox 746 235 787 298; baseline 0.024 -1"><span class='ocrx_word' id='word_1_1' title='bbox 746 235 787 298; x_wconf 86' lang='grc'>47</span> 
     </span>
    </p>
   </div>
   <div class='ocr_carea' id='block_1_2' title="bbox 106 435 1427 3054">
    <p class='ocr_par' dir='ltr' id='par_1_2' title="bbox 148 435 1375 1062">
     <span class='ocr_line' id='line_1_2' title="bbox 148 435 1375 545; baseline -0.005 -31"><span class='ocrx_word' id='word_1_2' title='bbox 148 469 234 533; x_wconf 86' lang='lat' dir='ltr'>quae</span> <span class='ocrx_word' id='word_1_3' title='bbox 258 449 353 514; x_wconf 80' lang='lat' dir='ltr'>venali</span> <span class='ocrx_word' id='word_1_4' title='bbox 378 435 414 545; x_wconf 46' lang='lat' dir='ltr'>‘a&#39;</span> <span class='ocrx_word' id='word_1_5' title='bbox 438 448 603 511; x_wconf 89' lang='lat' dir='ltr'>finiuntur:</span> <span class='ocrx_word' id='word_1_6' title='bbox 627 447 722 511; x_wconf 84' lang='lat' dir='ltr'><strong>Andr.</strong></span> <span class='ocrx_word' id='word_1_7' title='bbox 747 449 819 513; x_wconf 92' lang='grc'>947.</span> <span class='ocrx_word' id='word_1_8' title='bbox 850 448 928 511; x_wconf 78' lang='lat' dir='ltr'>Eun.</span> <span class='ocrx_word' id='word_1_9' title='bbox 955 450 1028 511; x_wconf 84' lang='lat'>781.</span> <span class='ocrx_word' id='word_1_10' title='bbox 1053 447 1172 512; x_wconf 87' lang='lat' dir='ltr'><strong>Phonn.</strong></span> <span class='ocrx_word' id='word_1_11' title='bbox 1200 449 1280 518; x_wconf 90' lang='grc'>175;</span> <span class='ocrx_word' id='word_1_12' title='bbox 1305 451 1375 508; x_wconf 88' lang='lat' dir='ltr'>tum</span> 
     </span>
     <span class='ocr_line' id='line_1_3' title="bbox 156 539 1375 650; baseline -0.002 -30"><span class='ocrx_word' id='word_1_13' title='bbox 156 557 291 638; x_wconf 88' lang='lat' dir='ltr'>quaein</span> <span class='ocrx_word' id='word_1_14' title='bbox 320 554 456 618; x_wconf 80' lang='lat' dir='ltr'>venalem</span> <span class='ocrx_word' id='word_1_15' title='bbox 489 539 528 650; x_wconf 77' lang='lat' dir='ltr'>ta&#39;</span> <span class='ocrx_word' id='word_1_16' title='bbox 553 553 685 616; x_wconf 86' lang='lat' dir='ltr'>eadunt:</span> <span class='ocrx_word' id='word_1_17' title='bbox 720 554 832 618; x_wconf 88' lang='lat' dir='ltr'>Heaut.</span> <span class='ocrx_word' id='word_1_18' title='bbox 857 556 932 617; x_wconf 90' lang='grc'>264.</span> <span class='ocrx_word' id='word_1_19' title='bbox 968 552 1047 618; x_wconf 87' lang='lat' dir='ltr'>Eun.</span> <span class='ocrx_word' id='word_1_20' title='bbox 1072 554 1145 618; x_wconf 88' lang='lat'>308.</span> <span class='ocrx_word' id='word_1_21' title='bbox 1170 554 1242 616; x_wconf 94' lang='grc'>651.</span> <span class='ocrx_word' id='word_1_22' title='bbox 1289 553 1375 617; x_wconf 85' lang='lat' dir='ltr'>Haee</span> 
     </span>
     <span class='ocr_line' id='line_1_4' title="bbox 150 659 1373 743; baseline -0.006 -16"><span class='ocrx_word' id='word_1_23' title='bbox 150 661 304 743; x_wconf 80' lang='lat' dir='ltr'>exempla,</span> <span class='ocrx_word' id='word_1_24' title='bbox 340 676 418 741; x_wconf 88' lang='lat' dir='ltr'>qnae</span> <span class='ocrx_word' id='word_1_25' title='bbox 453 663 484 724; x_wconf 87' lang='lat' dir='ltr'>et</span> <span class='ocrx_word' id='word_1_26' title='bbox 517 659 585 741; x_wconf 86' lang='lat' dir='ltr'>ipsa</span> <span class='ocrx_word' id='word_1_27' title='bbox 618 661 724 723; x_wconf 87' lang='lat' dir='ltr'>omnia</span> <span class='ocrx_word' id='word_1_28' title='bbox 757 660 790 722; x_wconf 92' lang='lat' dir='ltr'>in</span> <span class='ocrx_word' id='word_1_29' title='bbox 825 660 886 723; x_wconf 90' lang='lat' dir='ltr'>arsi</span> <span class='ocrx_word' id='word_1_30' title='bbox 921 663 1050 734; x_wconf 82' lang='lat' dir='ltr'>exstant,</span> <span class='ocrx_word' id='word_1_31' title='bbox 1086 660 1135 723; x_wconf 86' lang='lat' dir='ltr'>his</span> <span class='ocrx_word' id='word_1_32' title='bbox 1170 659 1298 740; x_wconf 89' lang='lat' dir='ltr'>pedibus</span> <span class='ocrx_word' id='word_1_33' title='bbox 1330 659 1373 721; x_wconf 86' lang='lat' dir='ltr'>sie</span> 
     </span>
     <span class='ocr_line' id='line_1_5' title="bbox 151 765 1374 848; baseline -0.004 -17"><span class='ocrx_word' id='word_1_34' title='bbox 151 768 307 832; x_wconf 83' lang='lat' dir='ltr'>attributa</span> <span class='ocrx_word' id='word_1_35' title='bbox 336 770 423 831; x_wconf 88' lang='lat' dir='ltr'>sunt:</span> <span class='ocrx_word' id='word_1_36' title='bbox 454 766 523 847; x_wconf 87' lang='lat' dir='ltr'>pedi</span> <span class='ocrx_word' id='word_1_37' title='bbox 554 766 687 829; x_wconf 86' lang='lat' dir='ltr'>seeundo</span> <span class='ocrx_word' id='word_1_38' title='bbox 713 769 772 840; x_wconf 99' lang='grc'>17,</span> <span class='ocrx_word' id='word_1_39' title='bbox 801 766 871 848; x_wconf 85' lang='lat' dir='ltr'>pedi</span> <span class='ocrx_word' id='word_1_40' title='bbox 900 767 989 830; x_wconf 86' lang='lat' dir='ltr'>tertie</span> <span class='ocrx_word' id='word_1_41' title='bbox 1024 767 1074 840; x_wconf 85' lang='lat'>10,</span> <span class='ocrx_word' id='word_1_42' title='bbox 1104 765 1174 847; x_wconf 86' lang='lat' dir='ltr'>pedi</span> <span class='ocrx_word' id='word_1_43' title='bbox 1204 769 1313 846; x_wconf 80' lang='lat' dir='ltr'>quarta</span> <span class='ocrx_word' id='word_1_44' title='bbox 1346 769 1374 839; x_wconf 93' lang='grc'>7,</span> 
     </span>
     <span class='ocr_line' id='line_1_6' title="bbox 156 870 1373 956; baseline -0.002 -19"><span class='ocrx_word' id='word_1_45' title='bbox 156 874 227 956; x_wconf 88' lang='lat' dir='ltr'>pedi</span> <span class='ocrx_word' id='word_1_46' title='bbox 250 873 355 954; x_wconf 90' lang='lat' dir='ltr'>quinto</span> <span class='ocrx_word' id='word_1_47' title='bbox 382 876 395 934; x_wconf 92' lang='lat'>1</span> <span class='ocrx_word' id='word_1_48' title='bbox 430 870 501 954; x_wconf 91' lang='lat' dir='ltr'><strong>(Ad.</strong></span> <span class='ocrx_word' id='word_1_49' title='bbox 525 872 599 944; x_wconf 89' lang='grc'>336,</span> <span class='ocrx_word' id='word_1_50' title='bbox 629 873 682 953; x_wconf 89' lang='lat' dir='ltr'>qni</span> <span class='ocrx_word' id='word_1_51' title='bbox 705 873 799 945; x_wconf 83' lang='lat' dir='ltr'>loeus,</span> <span class='ocrx_word' id='word_1_52' title='bbox 830 891 902 935; x_wconf 83' lang='lat' dir='ltr'>num</span> <span class='ocrx_word' id='word_1_53' title='bbox 931 873 1082 953; x_wconf 81' lang='lat' dir='ltr'>scriptura</span> <span class='ocrx_word' id='word_1_54' title='bbox 1105 871 1245 935; x_wconf 80' lang='lat' dir='ltr'><strong>codicum</strong></span> <span class='ocrx_word' id='word_1_55' title='bbox 1268 872 1373 943; x_wconf 76' lang='lat' dir='ltr'>variet,</span> 
     </span>
     <span class='ocr_line' id='line_1_7' title="bbox 157 978 1374 1062; baseline -0.002 -18"><span class='ocrx_word' id='word_1_56' title='bbox 157 981 285 1044; x_wconf 85' lang='lat' dir='ltr'>fortasse</span> <span class='ocrx_word' id='word_1_57' title='bbox 318 981 350 1042; x_wconf 87' lang='lat' dir='ltr'>in</span> <span class='ocrx_word' id='word_1_58' title='bbox 379 978 510 1042; x_wconf 88' lang='lat' dir='ltr'>dubium</span> <span class='ocrx_word' id='word_1_59' title='bbox 541 978 695 1041; x_wconf 79' lang='lat' dir='ltr'>vocandus</span> <span class='ocrx_word' id='word_1_60' title='bbox 719 979 788 1062; x_wconf 81' lang='lat' dir='ltr'>est),</span> <span class='ocrx_word' id='word_1_61' title='bbox 820 979 890 1061; x_wconf 90' lang='lat' dir='ltr'>pedi</span> <span class='ocrx_word' id='word_1_62' title='bbox 925 985 1008 1042; x_wconf 84' lang='lat' dir='ltr'>sexto</span> <span class='ocrx_word' id='word_1_63' title='bbox 1033 980 1091 1053; x_wconf 84' lang='grc'>26,</span> <span class='ocrx_word' id='word_1_64' title='bbox 1121 978 1190 1060; x_wconf 89' lang='lat' dir='ltr'>pedi</span> <span class='ocrx_word' id='word_1_65' title='bbox 1212 982 1319 1041; x_wconf 81' lang='lat' dir='ltr'>notave</span> <span class='ocrx_word' id='word_1_66' title='bbox 1346 980 1374 1041; x_wconf 95' lang='grc'>1.</span> 
     </span>
    </p>

    <p class='ocr_par' dir='ltr' id='par_1_3' title="bbox 112 1079 1376 1273">
     <span class='ocr_line' id='line_1_8' title="bbox 158 1079 1376 1175; baseline -0.001 -28"><span class='ocrx_word' id='word_1_67' title='bbox 158 1087 278 1149; x_wconf 81' lang='lat' dir='ltr'>Vatant</span> <span class='ocrx_word' id='word_1_68' title='bbox 301 1085 400 1170; x_wconf 84' lang='lat' dir='ltr'>igitur</span> <span class='ocrx_word' id='word_1_69' title='bbox 418 1084 473 1175; x_wconf 89' lang='lat' dir='ltr'>tali</span> <span class='ocrx_word' id='word_1_70' title='bbox 497 1079 684 1166; x_wconf 85' lang='lat' dir='ltr'>synaloepha</span> <span class='ocrx_word' id='word_1_71' title='bbox 713 1103 765 1166; x_wconf 86' lang='lat' dir='ltr'>pes</span> <span class='ocrx_word' id='word_1_72' title='bbox 779 1085 945 1166; x_wconf 80' lang='lat' dir='ltr'>septimus</span> <span class='ocrx_word' id='word_1_73' title='bbox 974 1089 1006 1148; x_wconf 89' lang='lat' dir='ltr'>et</span> <span class='ocrx_word' id='word_1_74' title='bbox 1029 1085 1165 1165; x_wconf 83' lang='lat' dir='ltr'>exemplo</span> <span class='ocrx_word' id='word_1_75' title='bbox 1188 1084 1237 1146; x_wconf 87' lang='lat' dir='ltr'>illo</span> <span class='ocrx_word' id='word_1_76' title='bbox 1261 1084 1376 1158; x_wconf 80' lang='lat' dir='ltr'>ineerta</span> 
     </span>
     <span class='ocr_line' id='line_1_9' title="bbox 112 1174 588 1273; baseline -0.013 -17"><span class='ocrx_word' id='word_1_77' title='bbox 112 1174 115 1183; x_wconf 40' lang='lat'><strong>¹</strong></span> <span class='ocrx_word' id='word_1_78' title='bbox 151 1196 281 1273; x_wconf 64' lang='lat' dir='ltr'>&gt;excepto</span> <span class='ocrx_word' id='word_1_79' title='bbox 305 1210 360 1273; x_wconf 90' lang='lat' dir='ltr'>pes</span> <span class='ocrx_word' id='word_1_80' title='bbox 384 1191 519 1272; x_wconf 83' lang='lat' dir='ltr'>quintus,</span> <span class='ocrx_word' id='word_1_81' title='bbox 584 1241 588 1249; x_wconf 93' lang='lat'>.</span> 
     </span>
    </p>

    <p class='ocr_par' dir='ltr' id='par_1_4' title="bbox 157 1296 1377 1606">
     <span class='ocr_line' id='line_1_10' title="bbox 264 1296 1374 1377; baseline -0.005 -14"><span class='ocrx_word' id='word_1_82' title='bbox 264 1297 308 1363; x_wconf 86' lang='lat' dir='ltr'>Ut</span> <span class='ocrx_word' id='word_1_83' title='bbox 319 1298 382 1359; x_wconf 89' lang='lat' dir='ltr'>iam</span> <span class='ocrx_word' id='word_1_84' title='bbox 394 1296 564 1369; x_wconf 88' lang='lat' dir='ltr'>videamus,</span> <span class='ocrx_word' id='word_1_85' title='bbox 588 1315 666 1377; x_wconf 87' lang='lat' dir='ltr'>quae</span> <span class='ocrx_word' id='word_1_86' title='bbox 683 1296 723 1359; x_wconf 87' lang='lat' dir='ltr'>sit</span> <span class='ocrx_word' id='word_1_87' title='bbox 739 1297 830 1359; x_wconf 91' lang='lat' dir='ltr'>huius</span> <span class='ocrx_word' id='word_1_88' title='bbox 846 1297 982 1361; x_wconf 84' lang='lat' dir='ltr'>elisionis</span> <span class='ocrx_word' id='word_1_89' title='bbox 999 1297 1076 1360; x_wconf 86' lang='lat' dir='ltr'>ratio</span> <span class='ocrx_word' id='word_1_90' title='bbox 1091 1296 1123 1358; x_wconf 88' lang='lat' dir='ltr'>in</span> <span class='ocrx_word' id='word_1_91' title='bbox 1136 1315 1182 1359; x_wconf 89' lang='lat' dir='ltr'>vv.</span> <span class='ocrx_word' id='word_1_92' title='bbox 1201 1296 1374 1368; x_wconf 79' lang='lat' dir='ltr'>trenhaieis,</span> 
     </span>
     <span class='ocr_line' id='line_1_11' title="bbox 157 1388 1377 1496; baseline -0.004 -27"><span class='ocrx_word' id='word_1_93' title='bbox 157 1405 296 1487; x_wconf 81' lang='lat' dir='ltr'>exempla</span> <span class='ocrx_word' id='word_1_94' title='bbox 319 1403 448 1466; x_wconf 88' lang='lat' dir='ltr'>afferam</span> <span class='ocrx_word' id='word_1_95' title='bbox 471 1402 529 1466; x_wconf 87' lang='lat' dir='ltr'>sub</span> <span class='ocrx_word' id='word_1_96' title='bbox 556 1405 583 1477; x_wconf 95' lang='grc'>1,</span> <span class='ocrx_word' id='word_1_97' title='bbox 608 1404 639 1478; x_wconf 88' lang='grc'>2,</span> <span class='ocrx_word' id='word_1_98' title='bbox 663 1404 683 1466; x_wconf 91' lang='grc'><strong>3</strong></span> <span class='ocrx_word' id='word_1_99' title='bbox 715 1407 804 1484; x_wconf 85' lang='lat' dir='ltr'>prout</span> <span class='ocrx_word' id='word_1_100' title='bbox 827 1422 914 1468; x_wconf 82' lang='lat' dir='ltr'>venes</span> <span class='ocrx_word' id='word_1_101' title='bbox 938 1403 1030 1468; x_wconf 79' lang='lat' dir='ltr'>elisae</span> <span class='ocrx_word' id='word_1_102' title='bbox 1053 1407 1164 1467; x_wconf 83' lang='lat' dir='ltr'>exeunt</span> <span class='ocrx_word' id='word_1_103' title='bbox 1186 1402 1219 1465; x_wconf 91' lang='lat' dir='ltr'>in</span> <span class='ocrx_word' id='word_1_104' title='bbox 1243 1388 1296 1496; x_wconf 45' lang='lat' dir='ltr'>‘m&#39;</span> <span class='ocrx_word' id='word_1_105' title='bbox 1320 1405 1377 1465; x_wconf 87' lang='lat' dir='ltr'>aut</span> 
     </span>
     <span class='ocr_line' id='line_1_12' title="bbox 157 1493 459 1606; baseline -0.02 -31"><span class='ocrx_word' id='word_1_106' title='bbox 157 1493 459 1606; x_wconf 45' lang='lat' dir='ltr'>memma</span> 
     </span>
    </p>

    <p class='ocr_par' dir='ltr' id='par_1_5' title="bbox 159 1614 1373 1803">
     <span class='ocr_line' id='line_1_13' title="bbox 266 1614 1373 1697; baseline 0 -21"><span class='ocrx_word' id='word_1_107' title='bbox 266 1614 420 1696; x_wconf 82' lang='lat' dir='ltr'>Sequente</span> <span class='ocrx_word' id='word_1_108' title='bbox 455 1615 575 1696; x_wconf 80' lang='lat' dir='ltr'>syllaba</span> <span class='ocrx_word' id='word_1_109' title='bbox 613 1615 703 1694; x_wconf 86' lang='lat' dir='ltr'>longa</span> <span class='ocrx_word' id='word_1_110' title='bbox 734 1616 872 1696; x_wconf 85' lang='lat' dir='ltr'>exenrpla</span> <span class='ocrx_word' id='word_1_111' title='bbox 902 1616 1095 1697; x_wconf 86' lang='lat' dir='ltr'>reperiuntur</span> <span class='ocrx_word' id='word_1_112' title='bbox 1128 1615 1162 1678; x_wconf 94' lang='lat' dir='ltr'>in</span> <span class='ocrx_word' id='word_1_113' title='bbox 1197 1634 1243 1678; x_wconf 79' lang='lat' dir='ltr'>vv,</span> <span class='ocrx_word' id='word_1_114' title='bbox 1279 1615 1373 1678; x_wconf 79' lang='lat' dir='ltr'>trech.</span> 
     </span>
     <span class='ocr_line' id='line_1_14' title="bbox 159 1721 457 1803; baseline -0.007 -18"><span class='ocrx_word' id='word_1_115' title='bbox 159 1721 342 1803; x_wconf 80' lang='lat' dir='ltr'>septenariis</span> <span class='ocrx_word' id='word_1_116' title='bbox 366 1721 457 1785; x_wconf 86' lang='lat' dir='ltr'>haee:</span> 
     </span>
    </p>

    <p class='ocr_par' dir='ltr' id='par_1_6' title="bbox 106 1812 1378 2314">
     <span class='ocr_line' id='line_1_15' title="bbox 209 1812 1376 1908; baseline 0.002 -20"><span class='ocrx_word' id='word_1_117' title='bbox 209 1812 1376 1908; x_wconf 56' lang='lat' dir='ltr'>&#39;mmmmmmmmffian</span> 
     </span>
     <span class='ocr_line' id='line_1_16' title="bbox 163 1932 1376 1998; baseline -0.002 0"><span class='ocrx_word' id='word_1_118' title='bbox 163 1934 257 1998; x_wconf 88' lang='grc'>1014.</span> <span class='ocrx_word' id='word_1_119' title='bbox 284 1933 377 1995; x_wconf 90' lang='grc'>1048.</span> <span class='ocrx_word' id='word_1_120' title='bbox 405 1933 497 1996; x_wconf 93' lang='grc'>1053.</span> <span class='ocrx_word' id='word_1_121' title='bbox 543 1932 620 1994; x_wconf 83' lang='lat' dir='ltr'>Eun.</span> <span class='ocrx_word' id='word_1_122' title='bbox 645 1934 717 1996; x_wconf 87' lang='lat'>236.</span> <span class='ocrx_word' id='word_1_123' title='bbox 742 1933 814 1997; x_wconf 89' lang='grc'>350.</span> <span class='ocrx_word' id='word_1_124' title='bbox 841 1933 913 1997; x_wconf 90' lang='grc'>703.</span> <span class='ocrx_word' id='word_1_125' title='bbox 939 1934 1011 1996; x_wconf 94' lang='grc'>706.</span> <span class='ocrx_word' id='word_1_126' title='bbox 1037 1934 1108 1996; x_wconf 92' lang='grc'>796.</span> <span class='ocrx_word' id='word_1_127' title='bbox 1134 1935 1206 1996; x_wconf 90' lang='grc'>797.</span> <span class='ocrx_word' id='word_1_128' title='bbox 1232 1933 1295 1996; x_wconf 83' lang='grc'>805</span> <span class='ocrx_word' id='word_1_129' title='bbox 1320 1934 1376 1996; x_wconf 85' lang='lat' dir='ltr'>bis.</span> 
     </span>
     <span class='ocr_line' id='line_1_17' title="bbox 155 2038 1378 2103; baseline -0.002 -1"><span class='ocrx_word' id='word_1_130' title='bbox 155 2040 234 2103; x_wconf 78' lang='grc'>’962.</span> <span class='ocrx_word' id='word_1_131' title='bbox 261 2038 474 2101; x_wconf 78' lang='lat'>1055.1093.</span> <span class='ocrx_word' id='word_1_132' title='bbox 521 2038 643 2103; x_wconf 79' lang='lat' dir='ltr'>Pharin.</span> <span class='ocrx_word' id='word_1_133' title='bbox 676 2039 747 2102; x_wconf 91' lang='grc'>190.</span> <span class='ocrx_word' id='word_1_134' title='bbox 778 2039 852 2102; x_wconf 92' lang='grc'>201.</span> <span class='ocrx_word' id='word_1_135' title='bbox 884 2040 958 2102; x_wconf 89' lang='grc'>322.</span> <span class='ocrx_word' id='word_1_136' title='bbox 989 2040 1063 2102; x_wconf 90' lang='grc'>489.</span> <span class='ocrx_word' id='word_1_137' title='bbox 1092 2040 1166 2101; x_wconf 90' lang='grc'>513.</span> <span class='ocrx_word' id='word_1_138' title='bbox 1199 2039 1272 2102; x_wconf 83' lang='grc'>536.</span> <span class='ocrx_word' id='word_1_139' title='bbox 1304 2040 1378 2101; x_wconf 91' lang='grc'>876.</span> 
     </span>
     <span class='ocr_line' id='line_1_18' title="bbox 164 2144 1377 2210; baseline 0.001 -3"><span class='ocrx_word' id='word_1_140' title='bbox 164 2146 257 2209; x_wconf 90' lang='grc'>1026.</span> <span class='ocrx_word' id='word_1_141' title='bbox 304 2144 378 2208; x_wconf 87' lang='lat' dir='ltr'>Hee.</span> <span class='ocrx_word' id='word_1_142' title='bbox 403 2144 477 2206; x_wconf 91' lang='grc'>522.</span> <span class='ocrx_word' id='word_1_143' title='bbox 502 2145 575 2207; x_wconf 89' lang='grc'>743.</span> <span class='ocrx_word' id='word_1_144' title='bbox 601 2145 671 2207; x_wconf 89' lang='grc'>748.</span> <span class='ocrx_word' id='word_1_145' title='bbox 699 2145 771 2208; x_wconf 90' lang='grc'>804.</span> <span class='ocrx_word' id='word_1_146' title='bbox 798 2146 871 2208; x_wconf 91' lang='grc'>811.</span> <span class='ocrx_word' id='word_1_147' title='bbox 896 2146 973 2209; x_wconf 91' lang='grc'>846.</span> <span class='ocrx_word' id='word_1_148' title='bbox 1026 2145 1081 2208; x_wconf 88' lang='lat' dir='ltr'>Ad.</span> <span class='ocrx_word' id='word_1_149' title='bbox 1109 2146 1181 2208; x_wconf 91' lang='grc'>167.</span> <span class='ocrx_word' id='word_1_150' title='bbox 1205 2146 1279 2210; x_wconf 94' lang='grc'>200.</span> <span class='ocrx_word' id='word_1_151' title='bbox 1303 2147 1377 2208; x_wconf 88' lang='grc'>319.</span> 
     </span>
     <span class='ocr_line' id='line_1_19' title="bbox 106 2250 432 2314; baseline 0 -1"><span class='ocrx_word' id='word_1_152' title='bbox 106 2308 107 2313; x_wconf 75' lang='grc'>,</span> <span class='ocrx_word' id='word_1_153' title='bbox 155 2251 234 2313; x_wconf 90' lang='grc'>637.</span> <span class='ocrx_word' id='word_1_154' title='bbox 262 2251 336 2312; x_wconf 89' lang='grc'>877.</span> <span class='ocrx_word' id='word_1_155' title='bbox 361 2250 432 2314; x_wconf 92' lang='grc'>960.</span> 
     </span>
    </p>

    <p class='ocr_par' dir='ltr' id='par_1_7' title="bbox 155 2355 1377 2737">
     <span class='ocr_line' id='line_1_20' title="bbox 266 2355 1377 2438; baseline 0.002 -20"><span class='ocrx_word' id='word_1_156' title='bbox 266 2357 298 2438; x_wconf 88' lang='grc'>2)</span> <span class='ocrx_word' id='word_1_157' title='bbox 324 2355 418 2418; x_wconf 84' lang='lat' dir='ltr'><strong>Andr.</strong></span> <span class='ocrx_word' id='word_1_158' title='bbox 449 2357 521 2419; x_wconf 90' lang='lat'>323.</span> <span class='ocrx_word' id='word_1_159' title='bbox 553 2358 625 2419; x_wconf 85' lang='lat'>334.</span> <span class='ocrx_word' id='word_1_160' title='bbox 656 2358 729 2420; x_wconf 90' lang='grc'>644.</span> <span class='ocrx_word' id='word_1_161' title='bbox 754 2358 819 2420; x_wconf 90' lang='grc'>898</span> <span class='ocrx_word' id='word_1_162' title='bbox 844 2358 898 2420; x_wconf 88' lang='lat' dir='ltr'>bis.</span> <span class='ocrx_word' id='word_1_163' title='bbox 923 2359 996 2422; x_wconf 90' lang='grc'>974.</span> <span class='ocrx_word' id='word_1_164' title='bbox 1048 2358 1161 2421; x_wconf 90' lang='lat' dir='ltr'>Heant.</span> <span class='ocrx_word' id='word_1_165' title='bbox 1197 2359 1271 2421; x_wconf 87' lang='lat'><strong>633.</strong></span> <span class='ocrx_word' id='word_1_166' title='bbox 1305 2360 1377 2420; x_wconf 93' lang='grc'>721.</span> 
     </span>
     <span class='ocr_line' id='line_1_21' title="bbox 163 2461 1376 2528; baseline -0.001 -4"><span class='ocrx_word' id='word_1_167' title='bbox 163 2462 255 2525; x_wconf 92' lang='grc'>1042.</span> <span class='ocrx_word' id='word_1_168' title='bbox 302 2461 380 2524; x_wconf 77' lang='lat' dir='ltr'>Eun.</span> <span class='ocrx_word' id='word_1_169' title='bbox 405 2462 478 2524; x_wconf 91' lang='grc'>352.</span> <span class='ocrx_word' id='word_1_170' title='bbox 505 2463 576 2526; x_wconf 91' lang='grc'>626.</span> <span class='ocrx_word' id='word_1_171' title='bbox 601 2463 674 2527; x_wconf 94' lang='grc'>970.</span> <span class='ocrx_word' id='word_1_172' title='bbox 701 2463 794 2526; x_wconf 89' lang='grc'>1051.</span> <span class='ocrx_word' id='word_1_173' title='bbox 820 2464 913 2527; x_wconf 88' lang='grc'>1054.</span> <span class='ocrx_word' id='word_1_174' title='bbox 941 2464 1032 2527; x_wconf 90' lang='grc'>1069.</span> <span class='ocrx_word' id='word_1_175' title='bbox 1065 2463 1187 2527; x_wconf 87' lang='lat' dir='ltr'>Pherm.</span> <span class='ocrx_word' id='word_1_176' title='bbox 1212 2465 1285 2527; x_wconf 90' lang='grc'>322.</span> <span class='ocrx_word' id='word_1_177' title='bbox 1303 2466 1376 2528; x_wconf 90' lang='grc'>325.</span> 
     </span>
     <span class='ocr_line' id='line_1_22' title="bbox 155 2566 1377 2634; baseline 0.005 -6"><span class='ocrx_word' id='word_1_178' title='bbox 155 2570 234 2631; x_wconf 82' lang='grc'>544.</span> <span class='ocrx_word' id='word_1_179' title='bbox 267 2569 340 2630; x_wconf 92' lang='grc'>741.</span> <span class='ocrx_word' id='word_1_180' title='bbox 372 2568 444 2631; x_wconf 89' lang='grc'>858.</span> <span class='ocrx_word' id='word_1_181' title='bbox 491 2566 565 2630; x_wconf 83' lang='lat' dir='ltr'>Hen.</span> <span class='ocrx_word' id='word_1_182' title='bbox 598 2568 672 2631; x_wconf 88' lang='grc'>241.</span> <span class='ocrx_word' id='word_1_183' title='bbox 703 2569 776 2631; x_wconf 91' lang='grc'>382.</span> <span class='ocrx_word' id='word_1_184' title='bbox 807 2569 881 2631; x_wconf 94' lang='grc'>482.</span> <span class='ocrx_word' id='word_1_185' title='bbox 907 2571 979 2632; x_wconf 85' lang='grc'>755.</span> <span class='ocrx_word' id='word_1_186' title='bbox 1005 2570 1077 2634; x_wconf 89' lang='grc'>806.</span> <span class='ocrx_word' id='word_1_187' title='bbox 1124 2570 1179 2632; x_wconf 90' lang='lat' dir='ltr'>Ad.</span> <span class='ocrx_word' id='word_1_188' title='bbox 1205 2571 1277 2634; x_wconf 91' lang='grc'>631.</span> <span class='ocrx_word' id='word_1_189' title='bbox 1303 2571 1377 2634; x_wconf 93' lang='grc'>679.</span> 
     </span>
     <span class='ocr_line' id='line_1_23' title="bbox 157 2673 531 2737; baseline 0.011 -4"><span class='ocrx_word' id='word_1_190' title='bbox 157 2673 237 2734; x_wconf 89' lang='grc'>864.</span> <span class='ocrx_word' id='word_1_191' title='bbox 262 2674 334 2735; x_wconf 88' lang='grc'>873.</span> <span class='ocrx_word' id='word_1_192' title='bbox 359 2674 431 2737; x_wconf 91' lang='grc'>969.</span> <span class='ocrx_word' id='word_1_193' title='bbox 457 2675 531 2737; x_wconf 88' lang='grc'>983.</span> 
     </span>
    </p>

    <p class='ocr_par' dir='ltr' id='par_1_8' title="bbox 157 2776 1427 3054">
     <span class='ocr_line' id='line_1_24' title="bbox 268 2776 1427 2858; baseline 0.005 -21"><span class='ocrx_word' id='word_1_194' title='bbox 268 2776 304 2858; x_wconf 90' lang='grc'>3)</span> <span class='ocrx_word' id='word_1_195' title='bbox 339 2777 433 2840; x_wconf 85' lang='lat' dir='ltr'><strong>Andr.</strong></span> <span class='ocrx_word' id='word_1_196' title='bbox 468 2781 541 2842; x_wconf 91' lang='grc'>248.</span> <span class='ocrx_word' id='word_1_197' title='bbox 577 2782 650 2843; x_wconf 89' lang='grc'>847.</span> <span class='ocrx_word' id='word_1_198' title='bbox 698 2780 809 2845; x_wconf 88' lang='lat' dir='ltr'>Heaut.</span> <span class='ocrx_word' id='word_1_199' title='bbox 849 2783 921 2845; x_wconf 91' lang='grc'>599.</span> <span class='ocrx_word' id='word_1_200' title='bbox 955 2783 1029 2845; x_wconf 92' lang='grc'>639.</span> <span class='ocrx_word' id='word_1_201' title='bbox 1065 2782 1137 2846; x_wconf 93' lang='grc'>907.</span> <span class='ocrx_word' id='word_1_202' title='bbox 1173 2784 1247 2846; x_wconf 89' lang='grc'>962.</span> <span class='ocrx_word' id='word_1_203' title='bbox 1286 2784 1380 2847; x_wconf 89' lang='grc'>1058.</span> <span class='ocrx_word' id='word_1_204' title='bbox 1424 2833 1427 2843; x_wconf 86' lang='grc'>.</span> 
     </span>
     <span class='ocr_line' id='line_1_25' title="bbox 162 2883 1379 2952; baseline 0.006 -7"><span class='ocrx_word' id='word_1_205' title='bbox 162 2883 240 2947; x_wconf 77' lang='lat' dir='ltr'>Eun.</span> <span class='ocrx_word' id='word_1_206' title='bbox 272 2884 346 2945; x_wconf 85' lang='lat'>253.</span> <span class='ocrx_word' id='word_1_207' title='bbox 380 2886 451 2947; x_wconf 82' lang='lat'>715.</span> <span class='ocrx_word' id='word_1_208' title='bbox 485 2885 578 2947; x_wconf 92' lang='grc'>1077.</span> <span class='ocrx_word' id='word_1_209' title='bbox 632 2885 753 2949; x_wconf 87' lang='lat' dir='ltr'>Phorm.</span> <span class='ocrx_word' id='word_1_210' title='bbox 784 2887 857 2951; x_wconf 91' lang='lat'>208.</span> <span class='ocrx_word' id='word_1_211' title='bbox 888 2889 962 2952; x_wconf 89' lang='grc'>344.</span> <span class='ocrx_word' id='word_1_212' title='bbox 994 2889 1067 2952; x_wconf 89' lang='grc'>521.</span> <span class='ocrx_word' id='word_1_213' title='bbox 1098 2889 1171 2950; x_wconf 88' lang='grc'>558.</span> <span class='ocrx_word' id='word_1_214' title='bbox 1205 2891 1276 2952; x_wconf 92' lang='grc'>739.</span> <span class='ocrx_word' id='word_1_215' title='bbox 1323 2890 1379 2952; x_wconf 91' lang='lat' dir='ltr'>Ad.</span> 
     </span>
     <span class='ocr_line' id='line_1_26' title="bbox 157 2990 602 3054; baseline 0.004 -2"><span class='ocrx_word' id='word_1_216' title='bbox 157 2990 234 3053; x_wconf 83' lang='lat'>309.</span> <span class='ocrx_word' id='word_1_217' title='bbox 259 2990 333 3054; x_wconf 87' lang='lat'>329.</span> <span class='ocrx_word' id='word_1_218' title='bbox 358 2990 422 3052; x_wconf 94' lang='grc'>978</span> <span class='ocrx_word' id='word_1_219' title='bbox 448 2990 504 3053; x_wconf 87' lang='lat' dir='ltr'>bis.</span> <span class='ocrx_word' id='word_1_220' title='bbox 529 2991 602 3054; x_wconf 87' lang='grc'>990.</span> 
     </span>
    </p>
   </div>
   <div class='ocr_carea' id='block_1_3' title="bbox 159 3113 1386 4152">
    <p class='ocr_par' dir='ltr' id='par_1_9' title="bbox 269 3113 1098 3199">
     <span class='ocr_line' id='line_1_27' title="bbox 269 3113 1098 3199; baseline 0.004 -22"><span class='ocrx_word' id='word_1_221' title='bbox 269 3113 423 3195; x_wconf 74' lang='lat' dir='ltr'>Sequente</span> <span class='ocrx_word' id='word_1_222' title='bbox 447 3115 566 3195; x_wconf 80' lang='lat' dir='ltr'>syllaba</span> <span class='ocrx_word' id='word_1_223' title='bbox 591 3115 673 3178; x_wconf 90' lang='lat' dir='ltr'>brevi</span> <span class='ocrx_word' id='word_1_224' title='bbox 697 3116 772 3179; x_wconf 85' lang='lat' dir='ltr'>haee</span> <span class='ocrx_word' id='word_1_225' title='bbox 795 3121 919 3180; x_wconf 88' lang='lat' dir='ltr'>exstant</span> <span class='ocrx_word' id='word_1_226' title='bbox 941 3118 1098 3199; x_wconf 86' lang='lat' dir='ltr'>exempla:</span> 
     </span>
    </p>

    <p class='ocr_par' dir='ltr' id='par_1_10' title="bbox 162 3211 1384 3392">
     <span class='ocr_line' id='line_1_28' title="bbox 271 3211 1384 3299; baseline 0.006 -18"><span class='ocrx_word' id='word_1_227' title='bbox 271 3222 302 3299; x_wconf 86' lang='lat'>1)</span> <span class='ocrx_word' id='word_1_228' title='bbox 327 3219 420 3284; x_wconf 90' lang='lat' dir='ltr'><strong>Andr.</strong></span> <span class='ocrx_word' id='word_1_229' title='bbox 451 3221 525 3284; x_wconf 89' lang='lat'><strong>339.</strong></span> <span class='ocrx_word' id='word_1_230' title='bbox 555 3221 628 3286; x_wconf 89' lang='grc'>902.</span> <span class='ocrx_word' id='word_1_231' title='bbox 675 3221 788 3286; x_wconf 87' lang='lat' dir='ltr'>Heaut.</span> <span class='ocrx_word' id='word_1_232' title='bbox 819 3223 891 3286; x_wconf 90' lang='grc'>602.</span> <span class='ocrx_word' id='word_1_233' title='bbox 937 3223 1014 3286; x_wconf 78' lang='lat' dir='ltr'>Eun.</span> <span class='ocrx_word' id='word_1_234' title='bbox 1047 3211 1140 3287; x_wconf 85' lang='lat'>1030.</span> <span class='ocrx_word' id='word_1_235' title='bbox 1168 3225 1261 3288; x_wconf 94' lang='grc'>1072.</span> <span class='ocrx_word' id='word_1_236' title='bbox 1289 3225 1384 3288; x_wconf 93' lang='grc'>1091.</span> 
     </span>
     <span class='ocr_line' id='line_1_29' title="bbox 162 3323 805 3392; baseline 0.009 -8"><span class='ocrx_word' id='word_1_237' title='bbox 162 3323 287 3386; x_wconf 88' lang='lat' dir='ltr'>Phorm.</span> <span class='ocrx_word' id='word_1_238' title='bbox 312 3327 385 3388; x_wconf 91' lang='grc'>874.</span> <span class='ocrx_word' id='word_1_239' title='bbox 432 3325 507 3389; x_wconf 82' lang='lat' dir='ltr'>Hea.</span> <span class='ocrx_word' id='word_1_240' title='bbox 531 3328 604 3389; x_wconf 90' lang='grc'>237.</span> <span class='ocrx_word' id='word_1_241' title='bbox 651 3328 707 3390; x_wconf 88' lang='lat' dir='ltr'>Ad.</span> <span class='ocrx_word' id='word_1_242' title='bbox 732 3329 805 3392; x_wconf 83' lang='lat'>971.</span> 
     </span>
    </p>

    <p class='ocr_par' dir='ltr' id='par_1_11' title="bbox 270 3424 1383 3510">
     <span class='ocr_line' id='line_1_30' title="bbox 270 3424 1383 3510; baseline 0.008 -19"><span class='ocrx_word' id='word_1_243' title='bbox 270 3424 1383 3510; x_wconf 58' lang='lat' dir='ltr'>nmmmmmfflwwmm&#39;</span> 
     </span>
    </p>

    <p class='ocr_par' dir='ltr' id='par_1_12' title="bbox 161 3537 1381 3713">
     <span class='ocr_line' id='line_1_31' title="bbox 271 3537 1381 3610; baseline 0.008 -12"><span class='ocrx_word' id='word_1_244' title='bbox 271 3537 304 3610; x_wconf 92' lang='grc'>3)</span> <span class='ocrx_word' id='word_1_245' title='bbox 326 3537 419 3599; x_wconf 86' lang='lat' dir='ltr'><strong>Andr.</strong></span> <span class='ocrx_word' id='word_1_246' title='bbox 449 3538 523 3602; x_wconf 83' lang='lat'>323.</span> <span class='ocrx_word' id='word_1_247' title='bbox 555 3540 629 3602; x_wconf 91' lang='grc'>975.</span> <span class='ocrx_word' id='word_1_248' title='bbox 689 3540 801 3605; x_wconf 87' lang='lat' dir='ltr'>Heaut.</span> <span class='ocrx_word' id='word_1_249' title='bbox 839 3543 912 3605; x_wconf 83' lang='lat'>629.</span> <span class='ocrx_word' id='word_1_250' title='bbox 959 3542 1036 3606; x_wconf 79' lang='lat' dir='ltr'><strong>Eun.</strong></span> <span class='ocrx_word' id='word_1_251' title='bbox 1069 3544 1141 3606; x_wconf 83' lang='lat'>243.</span> <span class='ocrx_word' id='word_1_252' title='bbox 1201 3542 1275 3606; x_wconf 83' lang='lat' dir='ltr'>Hee.</span> <span class='ocrx_word' id='word_1_253' title='bbox 1308 3544 1381 3607; x_wconf 90' lang='grc'>870.</span> 
     </span>
     <span class='ocr_line' id='line_1_32' title="bbox 161 3641 415 3713; baseline 0.008 -9"><span class='ocrx_word' id='word_1_254' title='bbox 161 3641 219 3706; x_wconf 89' lang='lat' dir='ltr'>Ad.</span> <span class='ocrx_word' id='word_1_255' title='bbox 244 3643 317 3707; x_wconf 89' lang='lat'>321.</span> <span class='ocrx_word' id='word_1_256' title='bbox 342 3642 415 3713; x_wconf 87' lang='grc'>961.</span> 
     </span>
    </p>

    <p class='ocr_par' dir='ltr' id='par_1_13' title="bbox 159 3748 1386 4152">
     <span class='ocr_line' id='line_1_33' title="bbox 270 3748 1386 3835; baseline 0.004 -24"><span class='ocrx_word' id='word_1_257' title='bbox 270 3748 355 3812; x_wconf 78' lang='lat' dir='ltr'>Haeo</span> <span class='ocrx_word' id='word_1_258' title='bbox 388 3751 537 3830; x_wconf 79' lang='lat' dir='ltr'>exempla,</span> <span class='ocrx_word' id='word_1_259' title='bbox 567 3770 646 3830; x_wconf 89' lang='lat' dir='ltr'>quae</span> <span class='ocrx_word' id='word_1_260' title='bbox 678 3770 774 3833; x_wconf 87' lang='lat' dir='ltr'>aeque</span> <span class='ocrx_word' id='word_1_261' title='bbox 805 3772 841 3817; x_wconf 83' lang='lat' dir='ltr'>an</span> <span class='ocrx_word' id='word_1_262' title='bbox 871 3773 965 3835; x_wconf 90' lang='lat' dir='ltr'>supra</span> <span class='ocrx_word' id='word_1_263' title='bbox 996 3755 1100 3825; x_wconf 78' lang='lat' dir='ltr'>allata,</span> <span class='ocrx_word' id='word_1_264' title='bbox 1130 3756 1234 3818; x_wconf 86' lang='lat' dir='ltr'>omnia</span> <span class='ocrx_word' id='word_1_265' title='bbox 1264 3755 1297 3818; x_wconf 90' lang='lat' dir='ltr'>in</span> <span class='ocrx_word' id='word_1_266' title='bbox 1321 3757 1386 3826; x_wconf 88' lang='lat' dir='ltr'>arsi</span> 
     </span>
     <span class='ocr_line' id='line_1_34' title="bbox 159 3853 1381 3942; baseline 0.007 -28"><span class='ocrx_word' id='word_1_267' title='bbox 159 3853 442 3934; x_wconf 83' lang='lat' dir='ltr'>deprehenduntur,</span> <span class='ocrx_word' id='word_1_268' title='bbox 472 3855 530 3918; x_wconf 86' lang='lat' dir='ltr'>hae</span> <span class='ocrx_word' id='word_1_269' title='bbox 561 3856 678 3919; x_wconf 84' lang='lat' dir='ltr'>ratione</span> <span class='ocrx_word' id='word_1_270' title='bbox 702 3858 832 3938; x_wconf 81' lang='lat' dir='ltr'>singulis</span> <span class='ocrx_word' id='word_1_271' title='bbox 862 3859 991 3941; x_wconf 89' lang='lat' dir='ltr'>pedibus</span> <span class='ocrx_word' id='word_1_272' title='bbox 1024 3860 1174 3923; x_wconf 83' lang='lat' dir='ltr'>attributa</span> <span class='ocrx_word' id='word_1_273' title='bbox 1197 3864 1283 3924; x_wconf 88' lang='lat' dir='ltr'>sunt:</span> <span class='ocrx_word' id='word_1_274' title='bbox 1313 3861 1381 3942; x_wconf 89' lang='lat' dir='ltr'>pedi</span> 
     </span>
     <span class='ocr_line' id='line_1_35' title="bbox 163 3959 1382 4048; baseline 0.007 -28"><span class='ocrx_word' id='word_1_275' title='bbox 163 3959 298 4022; x_wconf 85' lang='lat' dir='ltr'>seeundo</span> <span class='ocrx_word' id='word_1_276' title='bbox 322 3963 373 4035; x_wconf 88' lang='grc'>23,</span> <span class='ocrx_word' id='word_1_277' title='bbox 403 3960 472 4044; x_wconf 91' lang='lat' dir='ltr'>pedi</span> <span class='ocrx_word' id='word_1_278' title='bbox 496 3960 585 4024; x_wconf 86' lang='lat' dir='ltr'>tertio</span> <span class='ocrx_word' id='word_1_279' title='bbox 616 3963 666 4034; x_wconf 87' lang='grc'>12,</span> <span class='ocrx_word' id='word_1_280' title='bbox 695 3963 766 4044; x_wconf 91' lang='lat' dir='ltr'>pedi</span> <span class='ocrx_word' id='word_1_281' title='bbox 789 3970 897 4045; x_wconf 86' lang='lat' dir='ltr'>quarte</span> <span class='ocrx_word' id='word_1_282' title='bbox 923 3967 973 4039; x_wconf 92' lang='grc'>13,</span> <span class='ocrx_word' id='word_1_283' title='bbox 1001 3965 1070 4046; x_wconf 90' lang='lat' dir='ltr'>pedi</span> <span class='ocrx_word' id='word_1_284' title='bbox 1100 3966 1283 4047; x_wconf 77' lang='lat' dir='ltr'>quintn13,</span> <span class='ocrx_word' id='word_1_285' title='bbox 1312 3967 1382 4048; x_wconf 88' lang='lat' dir='ltr'>pedi</span> 
     </span>
     <span class='ocr_line' id='line_1_36' title="bbox 164 4065 1383 4152; baseline 0.007 -25"><span class='ocrx_word' id='word_1_286' title='bbox 164 4067 249 4128; x_wconf 82' lang='lat' dir='ltr'>sento</span> <span class='ocrx_word' id='word_1_287' title='bbox 273 4065 324 4140; x_wconf 89' lang='grc'>39,</span> <span class='ocrx_word' id='word_1_288' title='bbox 347 4068 414 4146; x_wconf 89' lang='lat' dir='ltr'>pedi</span> <span class='ocrx_word' id='word_1_289' title='bbox 438 4069 567 4149; x_wconf 85' lang='lat' dir='ltr'>septimo</span> <span class='ocrx_word' id='word_1_290' title='bbox 591 4069 621 4140; x_wconf 89' lang='grc'>3,</span> <span class='ocrx_word' id='word_1_291' title='bbox 645 4068 710 4132; x_wconf 87' lang='lat' dir='ltr'>sadi</span> <span class='ocrx_word' id='word_1_292' title='bbox 733 4089 839 4133; x_wconf 83' lang='lat' dir='ltr'>versus</span> <span class='ocrx_word' id='word_1_293' title='bbox 855 4074 1009 4134; x_wconf 83' lang='lat' dir='ltr'>extremae</span> <span class='ocrx_word' id='word_1_294' title='bbox 1028 4073 1083 4145; x_wconf 88' lang='lat'>12;</span> <span class='ocrx_word' id='word_1_295' title='bbox 1111 4073 1141 4134; x_wconf 92' lang='lat' dir='ltr'>in</span> <span class='ocrx_word' id='word_1_296' title='bbox 1168 4073 1264 4135; x_wconf 78' lang='lat' dir='ltr'>trech.</span> <span class='ocrx_word' id='word_1_297' title='bbox 1288 4073 1383 4152; x_wconf 86' lang='lat' dir='ltr'>igitur</span> 
     </span>
    </p>
   </div>
   <div class='ocr_carea' id='block_1_4' title="bbox 164 4170 1383 4343">
    <p class='ocr_par' dir='ltr' id='par_1_14' title="bbox 164 4170 1383 4343">
     <span class='ocr_line' id='line_1_37' title="bbox 164 4170 1383 4259; baseline 0.008 -27"><span class='ocrx_word' id='word_1_298' title='bbox 164 4170 345 4250; x_wconf 87' lang='lat' dir='ltr'>septenariis</span> <span class='ocrx_word' id='word_1_299' title='bbox 380 4190 451 4236; x_wconf 83' lang='lat' dir='ltr'>eum</span> <span class='ocrx_word' id='word_1_300' title='bbox 487 4194 538 4256; x_wconf 90' lang='lat' dir='ltr'>pes</span> <span class='ocrx_word' id='word_1_301' title='bbox 574 4175 727 4239; x_wconf 78' lang='lat' dir='ltr'>secundus</span> <span class='ocrx_word' id='word_1_302' title='bbox 762 4179 830 4239; x_wconf 89' lang='lat' dir='ltr'>turn</span> <span class='ocrx_word' id='word_1_303' title='bbox 865 4195 917 4257; x_wconf 87' lang='lat' dir='ltr'>pes</span> <span class='ocrx_word' id='word_1_304' title='bbox 948 4181 1051 4240; x_wconf 81' lang='lat' dir='ltr'>sextus</span> <span class='ocrx_word' id='word_1_305' title='bbox 1083 4178 1155 4240; x_wconf 83' lang='lat' dir='ltr'>huie</span> <span class='ocrx_word' id='word_1_306' title='bbox 1178 4178 1383 4259; x_wconf 81' lang='lat' dir='ltr'>synaloephae</span> 
     </span>
     <span class='ocr_line' id='line_1_38' title="bbox 164 4272 431 4343; baseline 0.026 -8"><span class='ocrx_word' id='word_1_307' title='bbox 164 4272 278 4337; x_wconf 83' lang='lat' dir='ltr'>favisse</span> <span class='ocrx_word' id='word_1_308' title='bbox 302 4276 431 4343; x_wconf 86' lang='lat' dir='ltr'>videtur.</span> 
     </span>
    </p>
   </div>
   <div class='ocr_carea' id='block_1_5' title="bbox 0 0 1547 4718">
    <p class='ocr_par' dir='ltr' id='par_1_15' title="bbox 0 0 1547 4718">
     <span class='ocr_line' id='line_1_39' title="bbox 0 0 1547 4718; baseline 0 0"><span class='ocrx_word' id='word_1_309' title='bbox 0 0 1547 4718; x_wconf 95' lang='lat' dir='ltr'> </span> 
     </span>
    </p>
   </div>
  </div>
 </body>
</html>
