<?xml version="1.0" encoding="UTF-8"?>
<!DOCTYPE html PUBLIC "-//W3C//DTD XHTML 1.0 Transitional//EN"
    "http://www.w3.org/TR/xhtml1/DTD/xhtml1-transitional.dtd">
<html xmlns="http://www.w3.org/1999/xhtml" xml:lang="en" lang="en">
 <head>
  <title>
</title>
<meta http-equiv="Content-Type" content="text/html;charset=utf-8" />
  <meta name='ocr-system' content='tesseract 3.04.00' />
  <meta name='ocr-capabilities' content='ocr_page ocr_carea ocr_par ocr_line ocrx_word'/>
</head>
<body>
  <div class='ocr_page' id='page_1' title='image "./quaestionesmetr00mlgoog_0012.png"; bbox 0 0 3060 4718; ppageno 0'>
   <div class='ocr_carea' id='block_1_1' title="bbox 151 235 1420 3182">
    <p class='ocr_par' dir='ltr' id='par_1_1' title="bbox 151 235 1420 3182">
     <span class='ocr_line' id='line_1_1' title="bbox 757 235 774 295; baseline 0 0"><span class='ocrx_word' id='word_1_1' title='bbox 757 235 774 295; x_wconf 84' lang='lat'>7</span> 
     </span>
     <span class='ocr_line' id='line_1_2' title="bbox 155 445 1377 526; baseline 0.002 -18"><span class='ocrx_word' id='word_1_2' title='bbox 155 451 277 526; x_wconf 80' lang='lat' dir='ltr'>poetam</span> <span class='ocrx_word' id='word_1_3' title='bbox 328 445 636 525; x_wconf 83' lang='lat' dir='ltr'>neglegentissimum</span> <span class='ocrx_word' id='word_1_4' title='bbox 688 464 754 508; x_wconf 91' lang='lat' dir='ltr'>esse</span> <span class='ocrx_word' id='word_1_5' title='bbox 808 445 999 522; x_wconf 89' lang='lat' dir='ltr'>iudicemus,</span> <span class='ocrx_word' id='word_1_6' title='bbox 1044 464 1218 510; x_wconf 71' lang='lat' dir='ltr'>caveamus,</span> <span class='ocrx_word' id='word_1_7' title='bbox 1297 445 1377 511; x_wconf 85' lang='lat' dir='ltr'>Sane</span> 
     </span>
     <span class='ocr_line' id='line_1_3' title="bbox 155 550 1376 635; baseline 0.002 -22"><span class='ocrx_word' id='word_1_8' title='bbox 155 553 188 614; x_wconf 91' lang='lat' dir='ltr'>in</span> <span class='ocrx_word' id='word_1_9' title='bbox 222 550 411 614; x_wconf 81' lang='lat' dir='ltr'><strong>carminibus</strong></span> <span class='ocrx_word' id='word_1_10' title='bbox 453 552 615 633; x_wconf 82' lang='lat' dir='ltr'>poetarum</span> <span class='ocrx_word' id='word_1_11' title='bbox 654 551 875 632; x_wconf 86' lang='lat' dir='ltr'>dactylicorum</span> <span class='ocrx_word' id='word_1_12' title='bbox 915 553 1101 635; x_wconf 87' lang='lat' dir='ltr'>synaloepha</span> <span class='ocrx_word' id='word_1_13' title='bbox 1138 553 1237 615; x_wconf 90' lang='lat' dir='ltr'>multo</span> <span class='ocrx_word' id='word_1_14' title='bbox 1275 553 1376 616; x_wconf 90' lang='lat' dir='ltr'>rarius</span> 
     </span>
     <span class='ocr_line' id='line_1_4' title="bbox 156 657 1378 740; baseline 0.002 -20"><span class='ocrx_word' id='word_1_15' title='bbox 156 657 294 721; x_wconf 88' lang='lat' dir='ltr'>adhibita</span> <span class='ocrx_word' id='word_1_16' title='bbox 318 661 375 728; x_wconf 82' lang='lat' dir='ltr'>est,</span> <span class='ocrx_word' id='word_1_17' title='bbox 403 657 457 722; x_wconf 87' lang='lat' dir='ltr'>sed</span> <span class='ocrx_word' id='word_1_18' title='bbox 480 660 537 721; x_wconf 89' lang='lat' dir='ltr'>hoc</span> <span class='ocrx_word' id='word_1_19' title='bbox 559 658 640 731; x_wconf 91' lang='lat' dir='ltr'>inde,</span> <span class='ocrx_word' id='word_1_20' title='bbox 672 657 752 738; x_wconf 92' lang='lat' dir='ltr'>quod</span> <span class='ocrx_word' id='word_1_21' title='bbox 776 676 825 721; x_wconf 92' lang='lat' dir='ltr'>res</span> <span class='ocrx_word' id='word_1_22' title='bbox 848 658 898 721; x_wconf 91' lang='lat' dir='ltr'>hic</span> <span class='ocrx_word' id='word_1_23' title='bbox 921 658 1074 740; x_wconf 89' lang='lat' dir='ltr'>descripta</span> <span class='ocrx_word' id='word_1_24' title='bbox 1097 678 1220 740; x_wconf 91' lang='lat' dir='ltr'>prorsus</span> <span class='ocrx_word' id='word_1_25' title='bbox 1244 659 1306 721; x_wconf 88' lang='lat' dir='ltr'>alia</span> <span class='ocrx_word' id='word_1_26' title='bbox 1329 663 1378 722; x_wconf 89' lang='lat' dir='ltr'>est</span> 
     </span>
     <span class='ocr_line' id='line_1_5' title="bbox 155 755 1377 846; baseline 0.001 -19"><span class='ocrx_word' id='word_1_27' title='bbox 155 755 185 827; x_wconf 88' lang='lat' dir='ltr'>et</span> <span class='ocrx_word' id='word_1_28' title='bbox 214 763 294 844; x_wconf 92' lang='lat' dir='ltr'>quod</span> <span class='ocrx_word' id='word_1_29' title='bbox 325 765 356 826; x_wconf 92' lang='lat' dir='ltr'>in</span> <span class='ocrx_word' id='word_1_30' title='bbox 387 782 496 844; x_wconf 84' lang='lat' dir='ltr'>genere</span> <span class='ocrx_word' id='word_1_31' title='bbox 528 764 676 826; x_wconf 89' lang='lat' dir='ltr'>sermonis</span> <span class='ocrx_word' id='word_1_32' title='bbox 706 763 824 835; x_wconf 91' lang='lat' dir='ltr'>usitati,</span> <span class='ocrx_word' id='word_1_33' title='bbox 856 782 949 845; x_wconf 91' lang='lat' dir='ltr'>quem</span> <span class='ocrx_word' id='word_1_34' title='bbox 980 765 1010 827; x_wconf 93' lang='lat' dir='ltr'>in</span> <span class='ocrx_word' id='word_1_35' title='bbox 1035 765 1148 828; x_wconf 88' lang='lat' dir='ltr'>fabulis</span> <span class='ocrx_word' id='word_1_36' title='bbox 1172 765 1299 844; x_wconf 84' lang='lat' dir='ltr'>agendis</span> <span class='ocrx_word' id='word_1_37' title='bbox 1324 784 1377 846; x_wconf 93' lang='lat' dir='ltr'>pro</span> 
     </span>
     <span class='ocr_line' id='line_1_6' title="bbox 155 870 1375 951; baseline -0.001 -19"><span class='ocrx_word' id='word_1_38' title='bbox 155 871 267 933; x_wconf 74' lang='lat' dir='ltr'>natura</span> <span class='ocrx_word' id='word_1_39' title='bbox 297 874 328 933; x_wconf 91' lang='lat' dir='ltr'>et</span> <span class='ocrx_word' id='word_1_40' title='bbox 355 870 416 933; x_wconf 89' lang='lat' dir='ltr'>fine</span> <span class='ocrx_word' id='word_1_41' title='bbox 446 871 583 951; x_wconf 90' lang='lat' dir='ltr'>ipsarum</span> <span class='ocrx_word' id='word_1_42' title='bbox 611 874 798 950; x_wconf 87' lang='lat' dir='ltr'>usurpatum</span> <span class='ocrx_word' id='word_1_43' title='bbox 821 870 1012 945; x_wconf 83' lang='lat' dir='ltr'>invenimus,</span> <span class='ocrx_word' id='word_1_44' title='bbox 1030 871 1184 934; x_wconf 88' lang='lat' dir='ltr'>vocalium</span> <span class='ocrx_word' id='word_1_45' title='bbox 1207 890 1375 947; x_wconf 87' lang='lat' dir='ltr'>concursus</span> 
     </span>
     <span class='ocr_line' id='line_1_7' title="bbox 153 975 1376 1058; baseline 0.002 -20"><span class='ocrx_word' id='word_1_46' title='bbox 153 977 281 1039; x_wconf 90' lang='lat' dir='ltr'>minime</span> <span class='ocrx_word' id='word_1_47' title='bbox 311 976 446 1039; x_wconf 89' lang='lat' dir='ltr'>evitatus</span> <span class='ocrx_word' id='word_1_48' title='bbox 476 976 591 1039; x_wconf 90' lang='lat' dir='ltr'>nedum</span> <span class='ocrx_word' id='word_1_49' title='bbox 622 975 783 1038; x_wconf 85' lang='lat' dir='ltr'>evitandus</span> <span class='ocrx_word' id='word_1_50' title='bbox 807 982 883 1050; x_wconf 90' lang='lat' dir='ltr'>erat,</span> <span class='ocrx_word' id='word_1_51' title='bbox 912 977 1112 1058; x_wconf 91' lang='lat' dir='ltr'>repetendum</span> <span class='ocrx_word' id='word_1_52' title='bbox 1136 996 1211 1050; x_wconf 86' lang='lat' dir='ltr'>esse,</span> <span class='ocrx_word' id='word_1_53' title='bbox 1235 996 1296 1040; x_wconf 92' lang='lat' dir='ltr'>non</span> <span class='ocrx_word' id='word_1_54' title='bbox 1320 981 1376 1051; x_wconf 76' lang='lat' dir='ltr'>est,</span> 
     </span>
     <span class='ocr_line' id='line_1_8' title="bbox 154 1080 1377 1165; baseline 0.002 -20"><span class='ocrx_word' id='word_1_55' title='bbox 154 1083 207 1162; x_wconf 91' lang='lat' dir='ltr'>qui</span> <span class='ocrx_word' id='word_1_56' title='bbox 230 1101 299 1144; x_wconf 91' lang='lat' dir='ltr'>non</span> <span class='ocrx_word' id='word_1_57' title='bbox 315 1082 482 1165; x_wconf 85' lang='lat' dir='ltr'>intellegat.</span> <span class='ocrx_word' id='word_1_58' title='bbox 519 1080 615 1144; x_wconf 82' lang='lat' dir='ltr'>Cuius</span> <span class='ocrx_word' id='word_1_59' title='bbox 639 1082 853 1145; x_wconf 86' lang='lat' dir='ltr'>affirmationis</span> <span class='ocrx_word' id='word_1_60' title='bbox 877 1087 1035 1147; x_wconf 92' lang='lat' dir='ltr'>auctorem</span> <span class='ocrx_word' id='word_1_61' title='bbox 1059 1082 1165 1147; x_wconf 85' lang='lat' dir='ltr'>afferre</span> <span class='ocrx_word' id='word_1_62' title='bbox 1187 1083 1264 1146; x_wconf 92' lang='lat' dir='ltr'>mihi</span> <span class='ocrx_word' id='word_1_63' title='bbox 1286 1083 1377 1146; x_wconf 90' lang='lat' dir='ltr'>liceat</span> 
     </span>
     <span class='ocr_line' id='line_1_9' title="bbox 155 1186 1375 1271; baseline -0.002 -19"><span class='ocrx_word' id='word_1_64' title='bbox 155 1186 347 1263; x_wconf 79' lang='lat' dir='ltr'>Ciceronem,</span> <span class='ocrx_word' id='word_1_65' title='bbox 383 1189 435 1269; x_wconf 91' lang='lat' dir='ltr'>qui</span> <span class='ocrx_word' id='word_1_66' title='bbox 471 1189 505 1250; x_wconf 91' lang='lat' dir='ltr'>in</span> <span class='ocrx_word' id='word_1_67' title='bbox 539 1188 677 1252; x_wconf 88' lang='lat' dir='ltr'>eiusdem</span> <span class='ocrx_word' id='word_1_68' title='bbox 711 1190 844 1252; x_wconf 77' lang='lat' dir='ltr'>oratoris</span> <span class='ocrx_word' id='word_1_69' title='bbox 873 1189 943 1252; x_wconf 88' lang='lat' dir='ltr'>libri</span> <span class='ocrx_word' id='word_1_70' title='bbox 972 1191 1071 1271; x_wconf 88' lang='lat' dir='ltr'>capite</span> <span class='ocrx_word' id='word_1_71' title='bbox 1103 1191 1154 1251; x_wconf 82' lang='lat'>23.</span> <span class='ocrx_word' id='word_1_72' title='bbox 1183 1190 1305 1252; x_wconf 91' lang='lat' dir='ltr'>hiatum</span> <span class='ocrx_word' id='word_1_73' title='bbox 1336 1189 1375 1252; x_wconf 90' lang='lat' dir='ltr'>ab</span> 
     </span>
     <span class='ocr_line' id='line_1_10' title="bbox 152 1294 1374 1376; baseline 0 -19"><span class='ocrx_word' id='word_1_74' title='bbox 152 1299 280 1368; x_wconf 84' lang='lat' dir='ltr'>oratore,</span> <span class='ocrx_word' id='word_1_75' title='bbox 319 1313 413 1374; x_wconf 90' lang='lat' dir='ltr'>quem</span> <span class='ocrx_word' id='word_1_76' title='bbox 451 1294 579 1375; x_wconf 91' lang='lat' dir='ltr'>quidam</span> <span class='ocrx_word' id='word_1_77' title='bbox 617 1300 727 1357; x_wconf 85' lang='lat' dir='ltr'>vocant</span> <span class='ocrx_word' id='word_1_78' title='bbox 761 1295 910 1369; x_wconf 86' lang='lat' dir='ltr'>Atticum,</span> <span class='ocrx_word' id='word_1_79' title='bbox 949 1295 1071 1376; x_wconf 89' lang='lat' dir='ltr'>saepius</span> <span class='ocrx_word' id='word_1_80' title='bbox 1106 1295 1279 1358; x_wconf 89' lang='lat' dir='ltr'>admissum</span> <span class='ocrx_word' id='word_1_81' title='bbox 1314 1314 1374 1358; x_wconf 91' lang='lat' dir='ltr'>non</span> 
     </span>
     <span class='ocr_line' id='line_1_11' title="bbox 153 1400 1420 1482; baseline 0 -18"><span class='ocrx_word' id='word_1_82' title='bbox 153 1401 254 1464; x_wconf 91' lang='lat' dir='ltr'>solum</span> <span class='ocrx_word' id='word_1_83' title='bbox 277 1420 310 1464; x_wconf 93' lang='lat' dir='ltr'>re</span> <span class='ocrx_word' id='word_1_84' title='bbox 333 1402 400 1482; x_wconf 92' lang='lat' dir='ltr'>ipsa</span> <span class='ocrx_word' id='word_1_85' title='bbox 423 1403 559 1464; x_wconf 85' lang='lat' dir='ltr'>tractata</span> <span class='ocrx_word' id='word_1_86' title='bbox 581 1401 719 1481; x_wconf 84' lang='lat' dir='ltr'>mitigari</span> <span class='ocrx_word' id='word_1_87' title='bbox 742 1405 773 1464; x_wconf 95' lang='lat' dir='ltr'>et</span> <span class='ocrx_word' id='word_1_88' title='bbox 796 1401 945 1476; x_wconf 87' lang='lat' dir='ltr'>excusari,</span> <span class='ocrx_word' id='word_1_89' title='bbox 969 1402 1022 1464; x_wconf 91' lang='lat' dir='ltr'>sed</span> <span class='ocrx_word' id='word_1_90' title='bbox 1046 1403 1141 1465; x_wconf 86' lang='lat' dir='ltr'>etiam</span> <span class='ocrx_word' id='word_1_91' title='bbox 1164 1400 1276 1465; x_wconf 87' lang='lat' dir='ltr'>habere</span> <span class='ocrx_word' id='word_1_92' title='bbox 1292 1401 1376 1464; x_wconf 78' lang='lat' dir='ltr'>molle</span> <span class='ocrx_word' id='word_1_93' title='bbox 1419 1401 1420 1404; x_wconf 71' lang='grc'>’</span> 
     </span>
     <span class='ocr_line' id='line_1_12' title="bbox 152 1505 1376 1588; baseline -0.001 -19"><span class='ocrx_word' id='word_1_94' title='bbox 152 1506 303 1587; x_wconf 78' lang='lat' dir='ltr'>quiddam</span> <span class='ocrx_word' id='word_1_95' title='bbox 326 1511 354 1569; x_wconf 79' lang='lat' dir='ltr'>a</span> <span class='ocrx_word' id='word_1_96' title='bbox 375 1507 457 1587; x_wconf 81' lang='lat' dir='ltr'>quod</span> <span class='ocrx_word' id='word_1_97' title='bbox 478 1506 594 1570; x_wconf 83' lang='lat' dir='ltr'>indicet</span> <span class='ocrx_word' id='word_1_98' title='bbox 615 1525 680 1570; x_wconf 82' lang='lat' dir='ltr'>non</span> <span class='ocrx_word' id='word_1_99' title='bbox 703 1507 863 1588; x_wconf 79' lang='lat' dir='ltr'>inpccionr</span> <span class='ocrx_word' id='word_1_100' title='bbox 886 1505 1107 1588; x_wconf 83' lang='lat' dir='ltr'>ncplcpeutiom</span> <span class='ocrx_word' id='word_1_101' title='bbox 1130 1507 1167 1569; x_wconf 84' lang='lat' dir='ltr'>dc</span> <span class='ocrx_word' id='word_1_102' title='bbox 1188 1528 1223 1569; x_wconf 81' lang='lat' dir='ltr'>rc</span> <span class='ocrx_word' id='word_1_103' title='bbox 1241 1506 1376 1570; x_wconf 76' lang='lat' dir='ltr'>libaninis</span> 
     </span>
     <span class='ocr_line' id='line_1_13' title="bbox 151 1611 1375 1695; baseline 0 -19"><span class='ocrx_word' id='word_1_104' title='bbox 151 1615 253 1695; x_wconf 83' lang='lat' dir='ltr'>mapis</span> <span class='ocrx_word' id='word_1_105' title='bbox 286 1633 380 1694; x_wconf 77' lang='lat' dir='ltr'>quant</span> <span class='ocrx_word' id='word_1_106' title='bbox 414 1613 452 1676; x_wconf 87' lang='lat' dir='ltr'>dc</span> <span class='ocrx_word' id='word_1_107' title='bbox 485 1611 585 1676; x_wconf 80' lang='lat' dir='ltr'>verbis</span> <span class='ocrx_word' id='word_1_108' title='bbox 622 1611 792 1676; x_wconf 82' lang='lat' dir='ltr'>loborantis</span> <span class='ocrx_word' id='word_1_109' title='bbox 826 1613 968 1677; x_wconf 90' lang='lat' dir='ltr'>affirmat.</span> <span class='ocrx_word' id='word_1_110' title='bbox 1015 1611 1096 1691; x_wconf 77' lang='lat' dir='ltr'>Quid</span> <span class='ocrx_word' id='word_1_111' title='bbox 1126 1614 1221 1693; x_wconf 85' lang='lat' dir='ltr'>igitur</span> <span class='ocrx_word' id='word_1_112' title='bbox 1250 1615 1375 1688; x_wconf 89' lang='lat' dir='ltr'>mirum,</span> 
     </span>
     <span class='ocr_line' id='line_1_14' title="bbox 154 1719 1375 1800; baseline 0 -18"><span class='ocrx_word' id='word_1_113' title='bbox 154 1720 244 1800; x_wconf 92' lang='lat' dir='ltr'>quod</span> <span class='ocrx_word' id='word_1_114' title='bbox 257 1719 427 1796; x_wconf 74' lang='lat' dir='ltr'>Terentius</span> <span class='ocrx_word' id='word_1_115' title='bbox 455 1720 507 1799; x_wconf 91' lang='lat' dir='ltr'>qui</span> <span class='ocrx_word' id='word_1_116' title='bbox 530 1724 562 1783; x_wconf 93' lang='lat' dir='ltr'>et</span> <span class='ocrx_word' id='word_1_117' title='bbox 584 1720 649 1800; x_wconf 90' lang='lat' dir='ltr'>ipse</span> <span class='ocrx_word' id='word_1_118' title='bbox 671 1719 702 1781; x_wconf 93' lang='lat' dir='ltr'>in</span> <span class='ocrx_word' id='word_1_119' title='bbox 726 1719 839 1782; x_wconf 89' lang='lat' dir='ltr'>fabulis</span> <span class='ocrx_word' id='word_1_120' title='bbox 863 1719 991 1799; x_wconf 83' lang='lat' dir='ltr'>agendis</span> <span class='ocrx_word' id='word_1_121' title='bbox 1015 1720 1095 1782; x_wconf 89' lang='lat' dir='ltr'>vitae</span> <span class='ocrx_word' id='word_1_122' title='bbox 1118 1719 1375 1783; x_wconf 90' lang='lat' dir='ltr'>consuetudinem</span> 
     </span>
     <span class='ocr_line' id='line_1_15' title="bbox 154 1825 1374 1907; baseline 0.001 -19"><span class='ocrx_word' id='word_1_123' title='bbox 154 1829 187 1889; x_wconf 91' lang='lat' dir='ltr'>et</span> <span class='ocrx_word' id='word_1_124' title='bbox 211 1844 305 1888; x_wconf 92' lang='lat' dir='ltr'>usum</span> <span class='ocrx_word' id='word_1_125' title='bbox 328 1829 398 1889; x_wconf 86' lang='lat' dir='ltr'>ante</span> <span class='ocrx_word' id='word_1_126' title='bbox 417 1826 519 1889; x_wconf 87' lang='lat' dir='ltr'>oculos</span> <span class='ocrx_word' id='word_1_127' title='bbox 541 1825 782 1900; x_wconf 81' lang='lat' dir='ltr'>demonstrabat,</span> <span class='ocrx_word' id='word_1_128' title='bbox 805 1826 895 1888; x_wconf 90' lang='lat' dir='ltr'>illurn</span> <span class='ocrx_word' id='word_1_129' title='bbox 911 1844 1096 1889; x_wconf 91' lang='lat' dir='ltr'>concursum</span> <span class='ocrx_word' id='word_1_130' title='bbox 1112 1827 1271 1899; x_wconf 84' lang='lat' dir='ltr'>vocalium,</span> <span class='ocrx_word' id='word_1_131' title='bbox 1296 1844 1374 1907; x_wconf 88' lang='lat' dir='ltr'>quae</span> 
     </span>
     <span class='ocr_line' id='line_1_16' title="bbox 155 1931 1375 2012; baseline 0.002 -19"><span class='ocrx_word' id='word_1_132' title='bbox 155 1931 343 2012; x_wconf 69' lang='lat' dir='ltr'>synaloepha</span> <span class='ocrx_word' id='word_1_133' title='bbox 374 1950 504 1995; x_wconf 83' lang='lat' dir='ltr'>conexae</span> <span class='ocrx_word' id='word_1_134' title='bbox 535 1931 661 1994; x_wconf 91' lang='lat' dir='ltr'>auribus</span> <span class='ocrx_word' id='word_1_135' title='bbox 691 1933 897 2012; x_wconf 70' lang='lat' dir='ltr'>spectantium</span> <span class='ocrx_word' id='word_1_136' title='bbox 927 1932 1137 1995; x_wconf 88' lang='lat' dir='ltr'>Romanorum</span> <span class='ocrx_word' id='word_1_137' title='bbox 1166 1933 1270 1995; x_wconf 91' lang='lat' dir='ltr'>miuus</span> <span class='ocrx_word' id='word_1_138' title='bbox 1300 1932 1375 1995; x_wconf 88' lang='lat' dir='ltr'>dure</span> 
     </span>
     <span class='ocr_line' id='line_1_17' title="bbox 154 2036 1374 2118; baseline 0.002 -19"><span class='ocrx_word' id='word_1_139' title='bbox 154 2055 319 2118; x_wconf 85' lang='lat' dir='ltr'>asperoque</span> <span class='ocrx_word' id='word_1_140' title='bbox 339 2037 499 2111; x_wconf 88' lang='lat' dir='ltr'>sonabant,</span> <span class='ocrx_word' id='word_1_141' title='bbox 518 2056 576 2100; x_wconf 93' lang='lat' dir='ltr'>non</span> <span class='ocrx_word' id='word_1_142' title='bbox 590 2038 705 2111; x_wconf 81' lang='lat' dir='ltr'>vitavit,</span> <span class='ocrx_word' id='word_1_143' title='bbox 725 2037 779 2100; x_wconf 87' lang='lat' dir='ltr'>sed</span> <span class='ocrx_word' id='word_1_144' title='bbox 795 2038 974 2118; x_wconf 86' lang='lat' dir='ltr'>saepissime</span> <span class='ocrx_word' id='word_1_145' title='bbox 990 2038 1139 2100; x_wconf 79' lang='lat' dir='ltr'>admisit?</span> <span class='ocrx_word' id='word_1_146' title='bbox 1178 2036 1245 2116; x_wconf 79' lang='lat' dir='ltr'>Quo</span> <span class='ocrx_word' id='word_1_147' title='bbox 1262 2039 1374 2101; x_wconf 88' lang='lat' dir='ltr'>clarius</span> 
     </span>
     <span class='ocr_line' id='line_1_18' title="bbox 153 2143 1374 2225; baseline 0.001 -20"><span class='ocrx_word' id='word_1_148' title='bbox 153 2143 407 2224; x_wconf 88' lang='lat' dir='ltr'>manifestiusque</span> <span class='ocrx_word' id='word_1_149' title='bbox 435 2144 598 2206; x_wconf 91' lang='lat' dir='ltr'>ostendam</span> <span class='ocrx_word' id='word_1_150' title='bbox 615 2153 689 2206; x_wconf 70' lang='lat' dir='ltr'>&#39;non</span> <span class='ocrx_word' id='word_1_151' title='bbox 719 2144 849 2207; x_wconf 87' lang='lat' dir='ltr'>eandem</span> <span class='ocrx_word' id='word_1_152' title='bbox 878 2143 1085 2224; x_wconf 88' lang='lat' dir='ltr'>frequentiam</span> <span class='ocrx_word' id='word_1_153' title='bbox 1117 2145 1374 2225; x_wconf 85' lang='lat' dir='ltr'>synaloepharum</span> 
     </span>
     <span class='ocr_line' id='line_1_19' title="bbox 152 2249 1374 2314; baseline 0.002 -3"><span class='ocrx_word' id='word_1_154' title='bbox 152 2251 184 2311; x_wconf 90' lang='lat' dir='ltr'>in</span> <span class='ocrx_word' id='word_1_155' title='bbox 208 2249 395 2312; x_wconf 87' lang='lat' dir='ltr'>carminibus</span> <span class='ocrx_word' id='word_1_156' title='bbox 419 2249 548 2312; x_wconf 91' lang='lat' dir='ltr'>eruditis</span> <span class='ocrx_word' id='word_1_157' title='bbox 573 2252 696 2312; x_wconf 90' lang='lat' dir='ltr'>tantum</span> <span class='ocrx_word' id='word_1_158' title='bbox 720 2250 895 2313; x_wconf 91' lang='lat' dir='ltr'>bominibus</span> <span class='ocrx_word' id='word_1_159' title='bbox 927 2250 1088 2314; x_wconf 88' lang='lat' dir='ltr'>destinatis</span> <span class='ocrx_word' id='word_1_160' title='bbox 1112 2250 1283 2313; x_wconf 88' lang='lat' dir='ltr'>adhibitam</span> <span class='ocrx_word' id='word_1_161' title='bbox 1307 2269 1374 2314; x_wconf 91' lang='lat' dir='ltr'>esse</span> 
     </span>
     <span class='ocr_line' id='line_1_20' title="bbox 153 2356 1374 2437; baseline 0.002 -20"><span class='ocrx_word' id='word_1_162' title='bbox 153 2360 245 2436; x_wconf 87' lang='lat' dir='ltr'>atque</span> <span class='ocrx_word' id='word_1_163' title='bbox 268 2356 300 2418; x_wconf 90' lang='lat' dir='ltr'>in</span> <span class='ocrx_word' id='word_1_164' title='bbox 315 2356 464 2431; x_wconf 84' lang='lat' dir='ltr'>versibus,</span> <span class='ocrx_word' id='word_1_165' title='bbox 487 2356 542 2419; x_wconf 90' lang='lat' dir='ltr'>ubi</span> <span class='ocrx_word' id='word_1_166' title='bbox 568 2360 674 2437; x_wconf 75' lang='lat' dir='ltr'>poetae</span> <span class='ocrx_word' id='word_1_167' title='bbox 691 2375 829 2420; x_wconf 90' lang='lat' dir='ltr'>sermone</span> <span class='ocrx_word' id='word_1_168' title='bbox 845 2357 965 2436; x_wconf 85' lang='lat' dir='ltr'>vulgari</span> <span class='ocrx_word' id='word_1_169' title='bbox 981 2375 1016 2420; x_wconf 81' lang='lat' dir='ltr'>ex</span> <span class='ocrx_word' id='word_1_170' title='bbox 1033 2356 1128 2437; x_wconf 91' lang='lat' dir='ltr'>ipsius</span> <span class='ocrx_word' id='word_1_171' title='bbox 1145 2357 1188 2419; x_wconf 92' lang='lat' dir='ltr'>rei</span> <span class='ocrx_word' id='word_1_172' title='bbox 1204 2356 1374 2437; x_wconf 89' lang='lat' dir='ltr'>descriptae</span> 
     </span>
     <span class='ocr_line' id='line_1_21' title="bbox 151 2452 1373 2542; baseline 0.001 -19"><span class='ocrx_word' id='word_1_173' title='bbox 151 2465 267 2525; x_wconf 81' lang='lat' dir='ltr'>naturai</span> <span class='ocrx_word' id='word_1_174' title='bbox 287 2463 335 2524; x_wconf 92' lang='lat' dir='ltr'>usi</span> <span class='ocrx_word' id='word_1_175' title='bbox 359 2468 444 2536; x_wconf 87' lang='lat' dir='ltr'>sunt,</span> <span class='ocrx_word' id='word_1_176' title='bbox 468 2463 599 2542; x_wconf 83' lang='lat' dir='ltr'>exempli</span> <span class='ocrx_word' id='word_1_177' title='bbox 614 2468 713 2525; x_wconf 79' lang='lat' dir='ltr'>causa</span> <span class='ocrx_word' id='word_1_178' title='bbox 724 2463 913 2526; x_wconf 90' lang='lat' dir='ltr'>mentionem</span> <span class='ocrx_word' id='word_1_179' title='bbox 928 2462 1028 2526; x_wconf 87' lang='lat' dir='ltr'>iacere</span> <span class='ocrx_word' id='word_1_180' title='bbox 1045 2452 1122 2526; x_wconf 85' lang='lat' dir='ltr'>mihi</span> <span class='ocrx_word' id='word_1_181' title='bbox 1139 2463 1228 2525; x_wconf 88' lang='lat' dir='ltr'>liceat</span> <span class='ocrx_word' id='word_1_182' title='bbox 1243 2462 1373 2537; x_wconf 80' lang='lat' dir='ltr'>Horatii,</span> 
     </span>
     <span class='ocr_line' id='line_1_22' title="bbox 152 2567 1372 2650; baseline 0.004 -24"><span class='ocrx_word' id='word_1_183' title='bbox 152 2567 205 2648; x_wconf 91' lang='lat' dir='ltr'>qui</span> <span class='ocrx_word' id='word_1_184' title='bbox 228 2569 259 2630; x_wconf 90' lang='lat' dir='ltr'>in</span> <span class='ocrx_word' id='word_1_185' title='bbox 284 2568 471 2631; x_wconf 84' lang='lat' dir='ltr'>carminibus</span> <span class='ocrx_word' id='word_1_186' title='bbox 495 2572 526 2630; x_wconf 90' lang='lat' dir='ltr'>et</span> <span class='ocrx_word' id='word_1_187' title='bbox 549 2568 689 2649; x_wconf 86' lang='lat' dir='ltr'>epistulis</span> <span class='ocrx_word' id='word_1_188' title='bbox 706 2569 804 2632; x_wconf 89' lang='lat' dir='ltr'>multo</span> <span class='ocrx_word' id='word_1_189' title='bbox 820 2569 972 2631; x_wconf 90' lang='lat' dir='ltr'>minorem</span> <span class='ocrx_word' id='word_1_190' title='bbox 988 2568 1246 2650; x_wconf 88' lang='lat' dir='ltr'>synaloepharum</span> <span class='ocrx_word' id='word_1_191' title='bbox 1263 2587 1372 2631; x_wconf 93' lang='lat' dir='ltr'>nume·</span> 
     </span>
     <span class='ocr_line' id='line_1_23' title="bbox 153 2674 1375 2756; baseline 0.002 -20"><span class='ocrx_word' id='word_1_192' title='bbox 153 2692 223 2736; x_wconf 91' lang='lat' dir='ltr'>rum</span> <span class='ocrx_word' id='word_1_193' title='bbox 255 2674 374 2737; x_wconf 90' lang='lat' dir='ltr'>iustum</span> <span class='ocrx_word' id='word_1_194' title='bbox 404 2674 500 2747; x_wconf 80' lang='lat' dir='ltr'>dunit,</span> <span class='ocrx_word' id='word_1_195' title='bbox 530 2693 625 2754; x_wconf 94' lang='lat' dir='ltr'>quam</span> <span class='ocrx_word' id='word_1_196' title='bbox 655 2675 688 2738; x_wconf 93' lang='lat' dir='ltr'>in</span> <span class='ocrx_word' id='word_1_197' title='bbox 718 2675 830 2748; x_wconf 87' lang='lat' dir='ltr'>satiris,</span> <span class='ocrx_word' id='word_1_198' title='bbox 866 2693 944 2756; x_wconf 91' lang='lat' dir='ltr'>quae</span> <span class='ocrx_word' id='word_1_199' title='bbox 979 2676 1079 2754; x_wconf 84' lang='lat' dir='ltr'>magis</span> <span class='ocrx_word' id='word_1_200' title='bbox 1110 2675 1275 2738; x_wconf 88' lang='lat' dir='ltr'>concinunt</span> <span class='ocrx_word' id='word_1_201' title='bbox 1303 2693 1375 2738; x_wconf 88' lang='lat' dir='ltr'>enm</span> 
     </span>
     <span class='ocr_line' id='line_1_24' title="bbox 153 2779 1374 2861; baseline 0.001 -19"><span class='ocrx_word' id='word_1_202' title='bbox 153 2798 291 2843; x_wconf 85' lang='lat' dir='ltr'>sermone</span> <span class='ocrx_word' id='word_1_203' title='bbox 314 2781 448 2861; x_wconf 78' lang='lat' dir='ltr'>vulgari3</span> <span class='ocrx_word' id='word_1_204' title='bbox 472 2780 612 2844; x_wconf 88' lang='lat' dir='ltr'>conferas</span> <span class='ocrx_word' id='word_1_205' title='bbox 635 2799 748 2860; x_wconf 89' lang='lat' dir='ltr'>quaeso</span> <span class='ocrx_word' id='word_1_206' title='bbox 764 2779 891 2844; x_wconf 82' lang='lat' dir='ltr'>chrsii</span> <span class='ocrx_word' id='word_1_207' title='bbox 907 2781 1047 2845; x_wconf 89' lang='lat' dir='ltr'>editionis</span> <span class='ocrx_word' id='word_1_208' title='bbox 1063 2782 1238 2844; x_wconf 77' lang='lat' dir='ltr'>carminum</span> <span class='ocrx_word' id='word_1_209' title='bbox 1254 2780 1374 2843; x_wconf 89' lang='lat' dir='ltr'>Horatii</span> 
     </span>
     <span class='ocr_line' id='line_1_25' title="bbox 152 2884 1372 2969; baseline 0.001 -22"><span class='ocrx_word' id='word_1_210' title='bbox 152 2886 262 2966; x_wconf 87' lang='lat' dir='ltr'>eapitis</span> <span class='ocrx_word' id='word_1_211' title='bbox 287 2885 368 2966; x_wconf 89' lang='lat' dir='ltr'>quod</span> <span class='ocrx_word' id='word_1_212' title='bbox 390 2886 583 2951; x_wconf 88' lang='lat' dir='ltr'>insoribitnr:</span> <span class='ocrx_word' id='word_1_213' title='bbox 626 2884 689 2950; x_wconf 88' lang='lat' dir='ltr'>Dic</span> <span class='ocrx_word' id='word_1_214' title='bbox 718 2884 991 2968; x_wconf 80' lang='lat' dir='ltr'>Verscblcifunpcn</span> <span class='ocrx_word' id='word_1_215' title='bbox 1014 2886 1061 2950; x_wconf 85' lang='lat' dir='ltr'>bei</span> <span class='ocrx_word' id='word_1_216' title='bbox 1083 2885 1191 2950; x_wconf 66' lang='lat' dir='ltr'>Horas</span> <span class='ocrx_word' id='word_1_217' title='bbox 1215 2907 1242 2969; x_wconf 91' lang='lat' dir='ltr'>p.</span> <span class='ocrx_word' id='word_1_218' title='bbox 1267 2888 1372 2949; x_wconf 82' lang='lat'>1-22</span> 
     </span>
     <span class='ocr_line' id='line_1_26' title="bbox 152 2990 1373 3089; baseline 0.001 -34"><span class='ocrx_word' id='word_1_219' title='bbox 152 2995 183 3055; x_wconf 89' lang='lat' dir='ltr'>et</span> <span class='ocrx_word' id='word_1_220' title='bbox 206 2990 355 3055; x_wconf 69' lang='lat' dir='ltr'>Scbnltrii</span> <span class='ocrx_word' id='word_1_221' title='bbox 377 2994 660 3057; x_wconf 80' lang='lat' dir='ltr'>commentationis:</span> <span class='ocrx_word' id='word_1_222' title='bbox 696 2990 757 3089; x_wconf 49' lang='lat' dir='ltr'>(De</span> <span class='ocrx_word' id='word_1_223' title='bbox 776 2994 973 3056; x_wconf 78' lang='lat' dir='ltr'>satiricorum</span> <span class='ocrx_word' id='word_1_224' title='bbox 988 2991 1203 3056; x_wconf 77' lang='lat' dir='ltr'>Ronmnoronc</span> <span class='ocrx_word' id='word_1_225' title='bbox 1215 2993 1373 3071; x_wconf 77' lang='lat' dir='ltr'>prosodia,</span> 
     </span>
     <span class='ocr_line' id='line_1_27' title="bbox 153 3088 1373 3182; baseline 0.002 -23"><span class='ocrx_word' id='word_1_226' title='bbox 153 3097 190 3162; x_wconf 74' lang='lat' dir='ltr'>cle</span> <span class='ocrx_word' id='word_1_227' title='bbox 206 3100 291 3161; x_wconf 78' lang='lat' dir='ltr'>scoto</span> <span class='ocrx_word' id='word_1_228' title='bbox 307 3119 376 3162; x_wconf 82' lang='lat' dir='ltr'>cam</span> <span class='ocrx_word' id='word_1_229' title='bbox 391 3098 512 3179; x_wconf 81' lang='lat' dir='ltr'>liquido</span> <span class='ocrx_word' id='word_1_230' title='bbox 528 3103 557 3162; x_wconf 81' lang='lat' dir='ltr'>ci</span> <span class='ocrx_word' id='word_1_231' title='bbox 571 3099 609 3162; x_wconf 86' lang='lat' dir='ltr'>dc</span> <span class='ocrx_word' id='word_1_232' title='bbox 624 3088 821 3180; x_wconf 79' lang='lat' dir='ltr'>spnolocpbo’</span> <span class='ocrx_word' id='word_1_233' title='bbox 837 3118 866 3180; x_wconf 91' lang='lat' dir='ltr'>p.</span> <span class='ocrx_word' id='word_1_234' title='bbox 879 3101 918 3161; x_wconf 83' lang='lat'>21</span> <span class='ocrx_word' id='word_1_235' title='bbox 936 3119 980 3180; x_wconf 91' lang='lat' dir='ltr'>sq.</span> <span class='ocrx_word' id='word_1_236' title='bbox 992 3101 1033 3162; x_wconf 78' lang='lat'>45</span> <span class='ocrx_word' id='word_1_237' title='bbox 1047 3118 1090 3180; x_wconf 92' lang='lat' dir='ltr'>sq.</span> <span class='ocrx_word' id='word_1_238' title='bbox 1114 3099 1245 3179; x_wconf 82' lang='lat' dir='ltr'>(Regim.</span> <span class='ocrx_word' id='word_1_239' title='bbox 1264 3098 1373 3182; x_wconf 84' lang='grc'>1864.)</span> 
     </span>
    </p>
   </div>
   <div class='ocr_carea' id='block_1_2' title="bbox 151 3222 1374 4364">
    <p class='ocr_par' dir='ltr' id='par_1_2' title="bbox 151 3222 1374 4364">
     <span class='ocr_line' id='line_1_28' title="bbox 260 3222 1374 3301; baseline 0 -16"><span class='ocrx_word' id='word_1_240' title='bbox 260 3222 348 3301; x_wconf 78' lang='lat' dir='ltr'>Quod</span> <span class='ocrx_word' id='word_1_241' title='bbox 377 3226 483 3287; x_wconf 87' lang='lat' dir='ltr'>autern</span> <span class='ocrx_word' id='word_1_242' title='bbox 507 3224 685 3288; x_wconf 87' lang='lat' dir='ltr'>Priscianus</span> <span class='ocrx_word' id='word_1_243' title='bbox 714 3225 751 3287; x_wconf 94' lang='lat' dir='ltr'>de</span> <span class='ocrx_word' id='word_1_244' title='bbox 782 3224 920 3286; x_wconf 88' lang='lat' dir='ltr'>versibus</span> <span class='ocrx_word' id='word_1_245' title='bbox 949 3223 1074 3286; x_wconf 89' lang='lat' dir='ltr'>comicis</span> <span class='ocrx_word' id='word_1_246' title='bbox 1100 3227 1320 3286; x_wconf 89' lang='lat' dir='ltr'>commemorat</span> <span class='ocrx_word' id='word_1_247' title='bbox 1343 3227 1374 3286; x_wconf 91' lang='lat' dir='ltr'>et</span> 
     </span>
     <span class='ocr_line' id='line_1_29' title="bbox 152 3329 1374 3412; baseline 0.001 -21"><span class='ocrx_word' id='word_1_248' title='bbox 152 3329 313 3410; x_wconf 87' lang='lat' dir='ltr'>vituperat,</span> <span class='ocrx_word' id='word_1_249' title='bbox 342 3349 448 3393; x_wconf 92' lang='lat' dir='ltr'>omnes</span> <span class='ocrx_word' id='word_1_250' title='bbox 484 3330 609 3411; x_wconf 89' lang='lat' dir='ltr'>quidem</span> <span class='ocrx_word' id='word_1_251' title='bbox 645 3335 747 3412; x_wconf 63' lang='lat' dir='ltr'>politas</span> <span class='ocrx_word' id='word_1_252' title='bbox 784 3330 915 3392; x_wconf 91' lang='lat' dir='ltr'>comicos</span> <span class='ocrx_word' id='word_1_253' title='bbox 945 3329 1123 3392; x_wconf 82' lang='lat' dir='ltr'>Terentium</span> <span class='ocrx_word' id='word_1_254' title='bbox 1154 3333 1259 3391; x_wconf 90' lang='lat' dir='ltr'>autem</span> <span class='ocrx_word' id='word_1_255' title='bbox 1294 3329 1374 3392; x_wconf 89' lang='lat' dir='ltr'>inter</span> 
     </span>
     <span class='ocr_line' id='line_1_30' title="bbox 151 3433 1374 3532; baseline -0.001 -34"><span class='ocrx_word' id='word_1_256' title='bbox 151 3455 257 3498; x_wconf 89' lang='lat' dir='ltr'>omnes</span> <span class='ocrx_word' id='word_1_257' title='bbox 292 3436 380 3515; x_wconf 85' lang='lat' dir='ltr'>longe</span> <span class='ocrx_word' id='word_1_258' title='bbox 415 3437 593 3517; x_wconf 90' lang='lat' dir='ltr'>saepissime</span> <span class='ocrx_word' id='word_1_259' title='bbox 632 3435 756 3532; x_wconf 68' lang='lat' dir='ltr'>tcrebris</span> <span class='ocrx_word' id='word_1_260' title='bbox 793 3434 987 3514; x_wconf 73' lang='lat' dir='ltr'>synaloephis</span> <span class='ocrx_word' id='word_1_261' title='bbox 1017 3438 1045 3497; x_wconf 85' lang='lat' dir='ltr'>ct</span> <span class='ocrx_word' id='word_1_262' title='bbox 1072 3433 1315 3515; x_wconf 38' lang='lat' dir='ltr'>cpvispncrlocpbis</span> <span class='ocrx_word' id='word_1_263' title='bbox 1347 3439 1374 3497; x_wconf 85' lang='lat' dir='ltr'>ci</span> 
     </span>
     <span class='ocr_line' id='line_1_31' title="bbox 152 3528 1372 3614; baseline 0.001 -11"><span class='ocrx_word' id='word_1_264' title='bbox 152 3540 358 3605; x_wconf 81' lang='lat' dir='ltr'>collisionibus</span> <span class='ocrx_word' id='word_1_265' title='bbox 373 3545 402 3604; x_wconf 85' lang='lat' dir='ltr'>et</span> <span class='ocrx_word' id='word_1_266' title='bbox 412 3541 630 3605; x_wconf 81' lang='lat' dir='ltr'>obiectionibus</span> <span class='ocrx_word' id='word_1_267' title='bbox 642 3541 759 3604; x_wconf 76' lang='lat' dir='ltr'>litterae</span> <span class='ocrx_word' id='word_1_268' title='bbox 773 3528 799 3602; x_wconf 82' lang='lat' dir='ltr'>s&#39;</span> <span class='ocrx_word' id='word_1_269' title='bbox 816 3543 847 3603; x_wconf 89' lang='lat' dir='ltr'>in</span> <span class='ocrx_word' id='word_1_270' title='bbox 862 3541 1044 3604; x_wconf 89' lang='lat' dir='ltr'>scandendis</span> <span class='ocrx_word' id='word_1_271' title='bbox 1059 3541 1198 3603; x_wconf 87' lang='lat' dir='ltr'>versibus</span> <span class='ocrx_word' id='word_1_272' title='bbox 1210 3559 1283 3603; x_wconf 92' lang='lat' dir='ltr'>usos</span> <span class='ocrx_word' id='word_1_273' title='bbox 1296 3559 1372 3614; x_wconf 90' lang='lat' dir='ltr'>esse,</span> 
     </span>
     <span class='ocr_line' id='line_1_32' title="bbox 152 3646 1373 3729; baseline 0.001 -20"><span class='ocrx_word' id='word_1_274' title='bbox 152 3647 209 3711; x_wconf 90' lang='lat' dir='ltr'>hoc</span> <span class='ocrx_word' id='word_1_275' title='bbox 233 3666 424 3729; x_wconf 89' lang='lat' dir='ltr'>quamquam</span> <span class='ocrx_word' id='word_1_276' title='bbox 452 3667 559 3711; x_wconf 89' lang='lat' dir='ltr'>verum</span> <span class='ocrx_word' id='word_1_277' title='bbox 589 3665 655 3711; x_wconf 88' lang='lat' dir='ltr'>esse</span> <span class='ocrx_word' id='word_1_278' title='bbox 686 3648 790 3726; x_wconf 82' lang='lat' dir='ltr'>negari</span> <span class='ocrx_word' id='word_1_279' title='bbox 821 3666 880 3709; x_wconf 88' lang='lat' dir='ltr'>nen</span> <span class='ocrx_word' id='word_1_280' title='bbox 904 3650 1012 3727; x_wconf 83' lang='lat' dir='ltr'>potest,</span> <span class='ocrx_word' id='word_1_281' title='bbox 1044 3650 1149 3710; x_wconf 84' lang='lat' dir='ltr'>tamen</span> <span class='ocrx_word' id='word_1_282' title='bbox 1172 3650 1208 3708; x_wconf 85' lang='lat' dir='ltr'>ut</span> <span class='ocrx_word' id='word_1_283' title='bbox 1231 3646 1373 3710; x_wconf 87' lang='lat' dir='ltr'>Terentio</span> 
     </span>
     <span class='ocr_line' id='line_1_33' title="bbox 152 3746 1372 3827; baseline 0 -13"><span class='ocrx_word' id='word_1_284' title='bbox 152 3754 225 3817; x_wconf 89' lang='lat' dir='ltr'>vitio</span> <span class='ocrx_word' id='word_1_285' title='bbox 249 3753 448 3816; x_wconf 88' lang='lat' dir='ltr'>tribuendum</span> <span class='ocrx_word' id='word_1_286' title='bbox 473 3754 521 3822; x_wconf 80' lang='lat' dir='ltr'>sit,</span> <span class='ocrx_word' id='word_1_287' title='bbox 545 3746 669 3817; x_wconf 87' lang='lat' dir='ltr'>tantum</span> <span class='ocrx_word' id='word_1_288' title='bbox 690 3754 786 3827; x_wconf 91' lang='lat' dir='ltr'>abest,</span> <span class='ocrx_word' id='word_1_289' title='bbox 809 3757 845 3816; x_wconf 92' lang='lat' dir='ltr'>ut</span> <span class='ocrx_word' id='word_1_290' title='bbox 866 3753 1035 3826; x_wconf 86' lang='lat' dir='ltr'>Bentleius,</span> <span class='ocrx_word' id='word_1_291' title='bbox 1060 3752 1105 3814; x_wconf 89' lang='lat' dir='ltr'>vir</span> <span class='ocrx_word' id='word_1_292' title='bbox 1127 3753 1177 3815; x_wconf 91' lang='lat' dir='ltr'>ille</span> <span class='ocrx_word' id='word_1_293' title='bbox 1201 3753 1237 3815; x_wconf 94' lang='lat' dir='ltr'>de</span> <span class='ocrx_word' id='word_1_294' title='bbox 1259 3751 1372 3815; x_wconf 81' lang='lat' dir='ltr'>&#39;tabulis</span> 
     </span>
     <span class='ocr_line' id='line_1_34' title="bbox 151 3857 1371 3951; baseline 0.001 -31"><span class='ocrx_word' id='word_1_295' title='bbox 151 3858 284 3923; x_wconf 85' lang='lat' dir='ltr'>Terentii</span> <span class='ocrx_word' id='word_1_296' title='bbox 307 3860 420 3941; x_wconf 90' lang='lat' dir='ltr'>optime</span> <span class='ocrx_word' id='word_1_297' title='bbox 437 3860 576 3951; x_wconf 84' lang='lat' dir='ltr'>meritus,</span> <span class='ocrx_word' id='word_1_298' title='bbox 599 3860 631 3922; x_wconf 95' lang='lat' dir='ltr'>in</span> <span class='ocrx_word' id='word_1_299' title='bbox 648 3859 907 3922; x_wconf 88' lang='lat' dir='ltr'>commentatione</span> <span class='ocrx_word' id='word_1_300' title='bbox 923 3858 1099 3921; x_wconf 84' lang='lat' dir='ltr'>fabularum</span> <span class='ocrx_word' id='word_1_301' title='bbox 1114 3857 1371 3921; x_wconf 81' lang='lat' dir='ltr'>Terentiauarum</span> 
     </span>
     <span class='ocr_line' id='line_1_35' title="bbox 153 3941 1371 4047; baseline 0 -21"><span class='ocrx_word' id='word_1_302' title='bbox 153 3964 275 4028; x_wconf 91' lang='lat' dir='ltr'>editioni</span> <span class='ocrx_word' id='word_1_303' title='bbox 312 3965 483 4047; x_wconf 81' lang='lat' dir='ltr'>praemissa</span> <span class='ocrx_word' id='word_1_304' title='bbox 518 3965 720 4029; x_wconf 84' lang='lat' dir='ltr'>Schediasma</span> <span class='ocrx_word' id='word_1_305' title='bbox 751 3964 820 4033; x_wconf 61' lang='lat' dir='ltr'>,dico</span> <span class='ocrx_word' id='word_1_306' title='bbox 855 3965 891 4029; x_wconf 91' lang='lat' dir='ltr'>de</span> <span class='ocrx_word' id='word_1_307' title='bbox 926 3965 1034 4027; x_wconf 91' lang='lat' dir='ltr'>metris</span> <span class='ocrx_word' id='word_1_308' title='bbox 1065 3941 1275 4028; x_wconf 45' lang='lat' dir='ltr'>detentionis*</span> <span class='ocrx_word' id='word_1_309' title='bbox 1286 3964 1371 4027; x_wconf 90' lang='lat' dir='ltr'>illam</span> 
     </span>
     <span class='ocr_line' id='line_1_36' title="bbox 153 4059 1373 4153; baseline -0.001 -21"><span class='ocrx_word' id='word_1_310' title='bbox 153 4069 301 4134; x_wconf 87' lang='lat' dir='ltr'>Prisciani</span> <span class='ocrx_word' id='word_1_311' title='bbox 323 4071 580 4153; x_wconf 88' lang='lat' dir='ltr'>vituperationem</span> <span class='ocrx_word' id='word_1_312' title='bbox 603 4072 754 4134; x_wconf 91' lang='lat' dir='ltr'>iniustam</span> <span class='ocrx_word' id='word_1_313' title='bbox 770 4069 915 4134; x_wconf 67' lang='lat' dir='ltr'>&#39;refutans</span> <span class='ocrx_word' id='word_1_314' title='bbox 939 4071 1043 4134; x_wconf 89' lang='lat' dir='ltr'>laudet</span> <span class='ocrx_word' id='word_1_315' title='bbox 1066 4070 1113 4134; x_wconf 91' lang='lat' dir='ltr'>his</span> <span class='ocrx_word' id='word_1_316' title='bbox 1138 4059 1268 4134; x_wconf 52' lang='lat' dir='ltr'>verbist&#39;</span> <span class='ocrx_word' id='word_1_317' title='bbox 1285 4070 1373 4150; x_wconf 75' lang='lat' dir='ltr'>Quod</span> 
     </span>
     <span class='ocr_line' id='line_1_37' title="bbox 155 4176 1373 4258; baseline 0.004 -24"><span class='ocrx_word' id='word_1_318' title='bbox 155 4195 221 4240; x_wconf 84' lang='lat' dir='ltr'>cero</span> <span class='ocrx_word' id='word_1_319' title='bbox 249 4176 298 4240; x_wconf 84' lang='lat' dir='ltr'>bic</span> <span class='ocrx_word' id='word_1_320' title='bbox 328 4179 468 4257; x_wconf 78' lang='lat' dir='ltr'>queritur</span> <span class='ocrx_word' id='word_1_321' title='bbox 497 4181 525 4240; x_wconf 83' lang='lat' dir='ltr'>ct</span> <span class='ocrx_word' id='word_1_322' title='bbox 547 4178 734 4241; x_wconf 79' lang='lat' dir='ltr'>criminatur</span> <span class='ocrx_word' id='word_1_323' title='bbox 756 4196 891 4258; x_wconf 77' lang='lat' dir='ltr'>mappas</span> <span class='ocrx_word' id='word_1_324' title='bbox 923 4178 1155 4257; x_wconf 79' lang='lat' dir='ltr'>pramrrmticas,</span> <span class='ocrx_word' id='word_1_325' title='bbox 1178 4195 1242 4239; x_wconf 79' lang='lat' dir='ltr'>nore</span> <span class='ocrx_word' id='word_1_326' title='bbox 1265 4177 1373 4240; x_wconf 82' lang='lat' dir='ltr'>citium</span> 
     </span>
     <span class='ocr_line' id='line_1_38' title="bbox 151 4281 1371 4364; baseline -0.001 -19"><span class='ocrx_word' id='word_1_327' title='bbox 151 4287 205 4361; x_wconf 81' lang='lat' dir='ltr'>cst,</span> <span class='ocrx_word' id='word_1_328' title='bbox 230 4283 285 4346; x_wconf 81' lang='lat' dir='ltr'>scd</span> <span class='ocrx_word' id='word_1_329' title='bbox 311 4285 411 4346; x_wconf 81' lang='lat' dir='ltr'>virtus</span> <span class='ocrx_word' id='word_1_330' title='bbox 442 4282 579 4347; x_wconf 80' lang='lat' dir='ltr'>Terentii</span> <span class='ocrx_word' id='word_1_331' title='bbox 602 4286 728 4363; x_wconf 80' lang='lat' dir='ltr'>primo:</span> <span class='ocrx_word' id='word_1_332' title='bbox 765 4285 820 4364; x_wconf 83' lang='lat' dir='ltr'>qni</span> <span class='ocrx_word' id='word_1_333' title='bbox 848 4281 1053 4363; x_wconf 78' lang='lat' dir='ltr'>spnolocpltos</span> <span class='ocrx_word' id='word_1_334' title='bbox 1080 4281 1152 4345; x_wconf 73' lang='lat' dir='ltr'>clins</span> <span class='ocrx_word' id='word_1_335' title='bbox 1181 4281 1262 4346; x_wconf 67' lang='lat' dir='ltr'>cinti</span> <span class='ocrx_word' id='word_1_336' title='bbox 1280 4292 1371 4361; x_wconf 78' lang='lat' dir='ltr'>opero</span> 
     </span>
    </p>
   </div>
   <div class='ocr_carea' id='block_1_3' title="bbox 0 0 1534 4718">
    <p class='ocr_par' dir='ltr' id='par_1_3' title="bbox 0 0 1534 4718">
     <span class='ocr_line' id='line_1_39' title="bbox 0 0 1534 4718; baseline 0 1"><span class='ocrx_word' id='word_1_337' title='bbox 0 0 1534 4718; x_wconf 95' lang='lat' dir='ltr'> </span> 
     </span>
    </p>
   </div>
  </div>
 </body>
</html>
