3060 4718
745 208 783 268 31

266 423 328 483 592
353 424 384 484 et
406 420 480 497 945.
509 419 567 482 His
590 419 663 482 iocis
687 419 741 482 Dr.
767 437 827 482 non
852 422 978 482 secutus
1003 437 1082 491 sum,
1107 418 1160 498 qui
1184 421 1269 480 torcio
1292 437 1379 496 opere

159 528 324 610 tegendum
348 527 486 608 proponit
510 544 562 608 pro
586 525 725 588 codicum
749 528 912 602 tantopere.

266 654 339 716 597.
362 669 429 713 esse
451 652 609 726 animuum
640 668 706 711 esse
729 647 859 711 coniecit
882 645 1056 726 Madvigius
1091 665 1144 728 pro
1169 647 1307 710 codicum
1332 647 1377 723 ia,

160 758 218 821 sed
242 757 369 820 fortasse
394 757 460 819 sine
483 756 565 818 iusta
589 773 690 818 causa.

267 881 339 943 dor.
364 880 456 942 Hune
488 898 620 952 versum,
652 897 744 959 quem
776 878 829 940 Dr.
859 877 987 940 fortasse
1020 880 1101 940 recte
1133 876 1222 938 uncis
1246 876 1379 944 inclusit.

155 1006 232 1051 cum
270 987 408 1048 versibus
446 1005 544 1066 neque
582 984 832 1047 antecedentibus
863 1002 963 1063 neque
994 984 1193 1064 sequentibus
1223 982 1378 1046 artissime

155 1093 385 1157 sententiarum
393 1093 511 1154 ratione
520 1090 700 1154 coniunctus
714 1092 763 1161 sit,
776 1091 806 1151 in
816 1074 1005 1152 conferendis
1015 1090 1162 1170 exemplis
1174 1089 1375 1170 praetermisi.

267 1236 339 1297 oba.
362 1233 408 1296 iiii
428 1235 476 1296 ita
498 1234 657 1309 animam·
686 1238 721 1294 ut
744 1232 865 1294 numeri
889 1232 965 1294 bene
989 1231 1194 1312 procederent,
1226 1231 1278 1294 Dr.
1304 1235 1381 1312 post

158 1340 204 1404 itii
227 1341 356 1404 inseruit
379 1340 432 1410 ita,
457 1358 529 1401 oum
545 1338 587 1401 Fi.
612 1337 658 1401 fait
680 1338 712 1400 in
735 1336 796 1400 iilic
819 1337 984 1400 mutaverit
1008 1342 1039 1400 et
1062 1337 1123 1400 Btl.
1147 1338 1212 1400 ium
1234 1337 1370 1418 posuerit

165 1451 237 1510 ante
260 1448 411 1522 semicana
436 1445 586 1526 scriptura
610 1444 703 1524 igitur
725 1445 842 1506 incerta
866 1447 920 1506 est.

249 1571 320 1633 603.
345 1567 470 1632 Codices
494 1568 639 1632 exhibent
662 1572 711 1631 too
734 1567 841 1646 officio,
877 1567 929 1631 sed
953 1586 1025 1630 cum
1048 1567 1191 1629 omnibus
1215 1566 1282 1629 aliis
1306 1564 1380 1630 locis

151 1675 224 1737 'Per
249 1693 353 1738 vocem
376 1674 469 1756 fiarcpi
493 1693 564 1737 cum
578 1675 752 1737 accusativo
769 1675 968 1736 coniunctam
984 1673 1188 1754 usurpaverit,
1205 1674 1378 1754 complures

160 1781 290 1844 editores
321 1783 351 1845 h.
376 1800 496 1862 quoque
521 1782 538 1844 i.
564 1781 776 1843 accusativum
807 1785 889 1843 recte
914 1779 1085 1842 restituisse
1117 1779 1194 1841 mihi
1227 1779 1378 1847 ridentur.

159 1905 254 1967 quam
290 1888 327 1950 ob
361 1906 426 1949 rem
462 1887 681 1968 synaloepham
716 1889 798 1948 tuom
827 1885 963 1964 officiam
997 1885 1079 1948 inter
1109 1889 1208 1948 certas
1240 1886 1379 1950 elisiones

156 2012 348 2058 enumerari.

532 2169 565 2237 b.
599 2168 630 2237 in
654 2168 762 2237 trncb.
787 2167 1006 2252 septenariis:

265 2330 357 2394 Andr.
382 2331 446 2392 256
463 2328 607 2409 proloqui
629 2333 698 2403 asab
723 2348 779 2392 vox
802 2332 859 2392 cat
881 2332 1014 2392 extremo
1030 2348 1136 2392 versus
1152 2329 1217 2392 loeo
1234 2331 1377 2410 suspecta

153 2455 177 2498 a
211 2436 265 2498 Dr.
301 2437 422 2499 inclusa
456 2441 520 2509 est,
554 2454 626 2497 cnm
660 2434 845 2498 Oonradtius
883 2436 914 2497 in
953 2435 1088 2498 Hermae
1125 2436 1239 2509 10,137
1275 2435 1378 2499 codice

158 2541 192 2604 P.
215 2546 338 2606 auctore
368 2545 425 2605 orci
451 2542 483 2603 in
513 2541 600 2604 initio
629 2559 736 2604 versus
770 2560 832 2622 seq.
857 2542 1002 2614 collocat3
1039 2540 1089 2622 Sp.
1112 2545 1168 2604 out
1190 2542 1221 2604 in
1244 2542 1377 2605 eundem

157 2647 260 2709 iocum
284 2652 404 2729 recepto
429 2648 493 2711 sine
516 2648 678 2710 verborum
701 2647 961 2710 transmutatione
984 2666 1011 2708 v,
1037 2647 1100 2710 257
1125 2647 1218 2710 iamb.
1241 2646 1376 2710 metitur.

266 2790 339 2850 258.
370 2788 469 2852 forma
500 2790 592 2852 buius
624 2807 730 2853 versus
760 2807 778 2851 a
804 2790 857 2852 liz.
887 2788 969 2851 edita
1001 2788 1204 2870 improbanda
1227 2793 1378 2865 osteum

159 2894 226 2957 voci
248 2913 300 2975 epo
323 2912 501 2957 mensuram
525 2895 689 2958 iambicam
713 2895 847 2975 tribuat;
879 2895 984 2975 itaque
1007 2895 1038 2957 in
1063 2896 1118 2958 boo
1141 2913 1230 2958 versu
1253 2895 1378 2958 citando

153 3005 286 3065 secutus
286 3018 381 3208 Bpum
405 2999 448 3062 Fi.

268 3126 287 3186 3
312 3126 342 3187 3.
359 3144 508 3205 quomam
521 3127 595 3201 cat‚·
607 3127 672 3202 out,
685 3124 903 3204 quodrerbum
916 3143 985 3187 meo
999 3125 1122 3206 quidem
1133 3124 1243 3188 iudicio
1256 3128 1379 3188 senten-

160 3228 275 3292 tiarum
298 3230 423 3293 rationis
447 3231 548 3309 gratia
571 3229 860 3320 aptiusomittitur‚
895 3229 947 3294 Dz.
972 3235 1079 3294 contra
1102 3231 1287 3312 optimorum
1311 3231 1377 3294 bbr.

154 3335 373 3398 auctoritatem
397 3355 432 3399 ex
455 3337 540 3401 codd.
565 3336 627 3399 DE
651 3337 733 3399 inter
756 3340 862 3417 po‘etae
886 3337 978 3398 verba
1001 3337 1123 3418 recepit.

267 3458 340 3521 345.
364 3479 437 3540 cape
459 3480 493 3537 o,·
530 3460 723 3524 Fleckeiseno
759 3463 923 3541 praeeunte
958 3460 1013 3522 Dr.
1046 3481 1063 3522 o
1097 3460 1216 3524 addidit
1249 3460 1377 3524 fortasse

152 3562 314 3627 offendens
337 3565 369 3626 in
393 3563 490 3627 forma
513 3566 729 3630 interiectionis
753 3585 827 3646 eope
850 3566 1023 3646 spondiacus,
1047 3584 1143 3646 quam
1167 3565 1218 3647 Sp.
1241 3567 1377 3648 exemplo

152 3689 195 3733 ex
217 3669 320 3733 Plauti
344 3670 456 3733 Bacch.
483 3671 566 3733 1005
590 3672 717 3753 repetito
742 3672 861 3752 probari
885 3691 973 3753 posse
997 3672 1161 3736 contendit.

265 3795 337 3858 849.
364 3791 456 3859 Codd.
480 3795 628 3877 praebent
650 3795 768 3874 intirim
792 3795 846 3859 Dz.
870 3796 994 3860 mibiae.
1018 3796 1055 3859 cf.
1079 3797 1192 3861 Heaut.
1216 3798 1288 3861 541.

265 3919 337 3983 850.
362 3917 398 3981 In
422 3918 487 3983 boc.
510 3938 601 3982 versu
623 3920 812 3984 restituendo
837 3921 893 3982 viri
917 3920 996 3983 docti
1020 3920 1101 3983 inter
1124 3940 1156 3984 se
1181 3920 1377 3987 dissentiunt.

153 4021 201 4086 ita
225 4026 260 4085 ut
282 4024 422 4088 elisiones
446 4025 581 4089 incertae
604 4026 791 4090 omittendae
816 4045 882 4089 esse
904 4026 980 4088 mibi
1004 4026 1174 4090 videantur.

265 4147 338 4210 864.
362 4147 455 4213 Hunc
478 4169 601 4213 versum
625 4149 678 4213 Du.
696 4150 776 4212 inter
798 4150 948 4213 iambicos
971 4151 1157 4231 septenarios
1180 4151 1299 4223 retulit3
1324 4151 1377 4214 sed

152 4269 229 4313 cum
261 4253 317 4316 boc
348 4253 437 4316 modo
468 4256 639 4336 pronomini
670 4276 721 4335 epo
751 4274 898 4319 mensura
928 4254 1082 4319 tribuatur
1111 4257 1252 4332 iambica,
1282 4256 1318 4321 U.
1347 4262 1380 4319 et
