3060 4718
626 832 850 926 VIT
877 832 967 927 A.

294 1253 394 1316 Natus
425 1273 495 1316 sum
527 1252 706 1316 Clemens
731 1253 874 1317 Moller
903 1254 1105 1327 Riemslohac‚
1135 1255 1166 1318 in
1190 1255 1253 1318 rico
1279 1256 1407 1320 Hanno·

188 1379 306 1446 verano,
345 1378 371 1424 a.
401 1359 430 1422 d.
460 1359 527 1423 Vll.
557 1359 631 1422 ldus
666 1362 745 1439 Aug.
783 1360 855 1422 anni
894 1360 985 1423 huius
1024 1361 1138 1424 saeculi
1174 1360 1278 1426 LXVI.
1318 1367 1405 1444 patre

186 1464 372 1540 Matthia,
410 1468 510 1529 matre
549 1464 766 1530 Catharina
805 1485 820 1530 ε
854 1471 944 1545 gente
982 1466 1124 1547 Degen,
1163 1486 1238 1548 quos
1276 1469 1403 1549 integris

186 1572 288 1636 adhuc
332 1571 448 1634 viribus
494 1572 541 1634 uti
579 1571 666 1634 valde
704 1572 831 1651 gaudeo.
893 1571 998 1635 Fidem
1036 1573 1176 1654 profiteor
1212 1575 1404 1638 catholicam.

186 1679 374 1743 Litterarum
419 1677 601 1741 rudimentis
647 1678 804 1740 imbutum
846 1697 898 1760 ρετ
936 1677 1011 1742 duos
1050 1697 1146 1741 annos
1187 1679 1404 1760 benignissime

185 1785 317 1848 erudivit
347 1803 397 1848 me
421 1785 456 1849 B.
478 1785 499 1848 J
506 1785 676 1864 ungblut
699 1783 736 1847 R.
760 1784 806 1859 D..
840 1785 928 1848 ouius
958 1788 1047 1864 grata
1069 1786 1219 1848 memoria
1242 1805 1403 1868 nunquam

185 1910 221 1955 ex
244 1891 347 1954 animo
371 1909 437 1953 meo
461 1895 627 1953 evanescet.
665 1890 740 1952 Vere
757 1909 783 1955 a.
799 1891 827 1952 h.
847 1910 870 1954 s.
889 1890 1030 1952 LXXXII
1053 1891 1083 1953 in
1107 1892 1232 1956 tertiam
1251 1892 1405 1957 inferioris

184 1997 300 2060 ordinis
329 1997 460 2060 classem
490 2001 645 2078 receptus,
676 2015 730 2077 per
757 2016 808 2059 sex
831 2015 927 2059 annos
951 1996 1119 2078 discipulus
1141 2015 1225 2061 eram
1248 2001 1404 2079 gymnasii

186 2101 319 2166 Carolini
332 2102 587 2182 Osnabrugensis.
619 2102 809 2165 Maturitatis
826 2102 906 2183 quod
922 2105 1032 2166 vocant
1047 2104 1220 2168 testimonio
1232 2105 1404 2169 instructus

184 2228 237 2291 ρετ
253 2213 361 2290 quater
377 2228 464 2272 senos
480 2227 602 2272 menses
618 2209 649 2271 in
672 2207 831 2271 academia
846 2208 1080 2272 Monasteriensi
1096 2213 1127 2272 et
1142 2229 1195 2290 per
1212 2229 1264 2274 sex
1279 2230 1403 2275 menses

181 2316 215 2378 in
237 2316 435 2379 universitate
451 2314 663 2396 Herbipolensi
678 2314 788 2379 studiis
804 2314 1017 2396 philosophicis
1034 2318 1064 2379 et
1079 2316 1255 2396 theologicis
1271 2335 1399 2398 operam

182 2421 260 2486 dedi.
315 2421 432 2486 Deinde
460 2420 491 2483 in
522 2420 680 2484 academia
711 2421 943 2485 Monasteriensi
979 2440 1031 2502 per
1064 2422 1158 2486 octies
1194 2442 1245 2486 sex
1276 2441 1401 2486 menses

182 2527 293 2591 studiis
316 2527 504 2609 philologieis
527 2526 648 2590 deditus
664 2527 807 2590 docentes
823 2526 943 2590 audiri:
968 2526 1004 2589 V.
1017 2526 1053 2589 V.
1071 2527 1108 2590 D.
1125 2527 1162 2590 D.
1179 2528 1401 2603 Andresen‚

181 2633 428 2714 Hagemann,
457 2632 617 2707 Hosius,
647 2633 816 2715 Xappes‚
845 2633 1030 2712 Korting,
1062 2633 1233 2713 Langen,
1264 2634 1404 2699 Milch-

181 2739 309 2814 hdfer,
334 2739 525 2815 Niehues‚
550 2739 727 2822 Spicker‚
753 2739 883 2814 stant,
908 2737 1052 2802 Storch.
1099 2737 1218 2803 Ibidem
1242 2740 1401 2804 seminarii

181 2846 361 2927 philologici,
391 2846 440 2909 cui
469 2848 615 2928 praesunt
640 2845 674 2908 V.
698 2845 734 2907 V.
759 2845 796 2908 D.
821 2844 858 2908 D.
883 2845 1041 2925 Langen
1072 2850 1102 2908 et
1130 2844 1248 2909 Stahl
1278 2847 1400 2928 perbis

180 2971 270 3016 senos
293 2971 415 3016 menses
440 2951 550 3015 sodalis
572 2951 839 3024 extraordinarius,
865 2951 975 3015 sodalis
991 2951 1163 3015 ordinarius
1179 2971 1232 3034 ρετ
1248 2955 1295 3016 ter
1311 2971 1400 3016 senos

180 3077 302 3122 menses
326 3077 421 3130 eram,
452 3077 583 3139 quorum
609 3077 662 3140 per
685 3077 737 3121 sex
760 3076 881 3122 menses
906 3057 1062 3121 seminarii
1086 3058 1186 3121 senior
1208 3057 1261 3122 fui.
1307 3057 1401 3122 Exer-

179 3165 376 3228 citationihus
401 3163 593 3229 Germanicis
617 3167 652 3227 ut
674 3165 857 3228 interessem
881 3164 1011 3243 benigne
1036 3164 1174 3245 permisit
1199 3163 1344 3228 Storclr.

286 3288 438 3352 Omnibus
473 3289 545 3352 viris
576 3289 613 3352 de
643 3307 692 3352 me
722 3289 798 3352 bene
828 3288 947 3351 meritis
977 3280 1093 3367 gi'atias
1125 3307 1182 3369 ago
1213 3307 1249 3352 ao
1279 3307 1401 3370 semper

180 3395 298 3460 habebo
320 3395 482 3458 maximas.
